2335 3674
233 242 285 294 228
389 256 537 291 99999199
557 257 760 292 rennuerroms
779 258 831 303 99,
855 241 905 293 lia

216 375 306 429 Maria
329 375 401 429 inter
425 376 524 429 bovem
546 383 572 429 et
594 376 702 430 asinum
722 376 750 428 in
770 375 906 448 praesepio
923 375 1077 438 reclinavim
1103 405 1105 411 ·

216 462 379 534 quicumque
406 462 533 515 babuerit
557 462 657 515 bovem
683 470 710 515 et
733 462 842 515 asinum
864 469 991 515 teneatur
1017 460 1080 532 ipsa

216 557 295 602 noete
312 548 345 601 de
368 548 441 602 bona
461 553 571 602 annona
592 549 632 602 eis
654 549 755 621 optime
773 547 930 621 providere,
954 547 1080 601 similiter

216 635 289 707 quod
300 633 330 688 in
341 635 391 688 tali
407 635 450 688 die
468 654 562 689 omnes
577 655 715 708 pauperes
734 635 852 689 debeant
868 654 884 688 a
900 634 1033 687 divitibus
1047 633 1095 686 de

216 722 297 775 bonis
311 721 422 775 cibariis
436 722 566 774 saturari.
583 745 596 772 »

252 811 322 861 Nam
334 808 433 861 beatus
446 808 611 876 Franeiseus
629 811 672 875 [49
684 827 700 862 a
711 811 736 873 2]
753 808 884 880 majorem
896 807 1081 861 reverentiam

216 894 336 948 babebat
352 894 380 946 in
397 894 548 947 Nativitate
565 894 676 947 Domini
688 914 770 967 quam
785 894 813 946 in
830 894 964 966 aliisejus
981 894 1081 946 solem-

216 980 350 1034 nitatibus
364 980 458 1034 dioens
470 1001 475 1033 z
493 983 667 1053 «Postquam
679 981 814 1034 Dominus
827 988 908 1033 natus
919 980 970 1033 suit
982 980 1081 1033 nobisr
1096 1051 1098 1055 Ι

216 1067 337 1138 oportuit
353 1086 404 1120 nos
422 1062 535 1119 salvari.
558 1089 570 1116 9
589 1069 740 1138 Propterea
755 1066 866 1119 volebat
884 1066 957 1138 quod
971 1058 1081 1119 aalide

216 1152 305 1205 omnis
322 1146 491 1205 christianus
504 1153 664 1206 inDomino
677 1153 813 1206 exultaret
826 1161 918 1223 atque,
935 1152 1005 1224 prob
1022 1153 1081 1223 ejus
1126 1177 1129 1187 ¹

216 1257 309 1291 amore
322 1239 369 1309 qui
382 1239 561 1310 semetipsum
578 1239 657 1292 nobis
671 1238 794 1304 donavit,
813 1258 908 1292 omues
924 1257 979 1290 non
992 1238 1080 1291 solum

216 1326 386 1397 pauperibus
414 1325 463 1378 sed
489 1324 572 1378 etiam
599 1325 764 1379 animalibus
788 1334 815 1378 et
842 1325 940 1378 avibus
964 1325 1081 1396 largiter

216 1411 396 1482 providerent
405 1422 414 1444 ⁶
425 1414 442 1465 1.

216 1712 258 1756 De
271 1721 373 1756 amore
386 1711 416 1756 et
428 1711 602 1756 obedientia
613 1710 695 1767 ignis
708 1711 859 1767 adipsum
876 1714 995 1766 quando
1008 1711 1083 1758 feeit

266 1790 326 1835 sibi
337 1790 405 1835 fieri
418 1786 597 1836 noeturamd
616 1787 679 1848 oap.
697 1786 750 1835 115.

255 1973 345 2041 Quum
365 1972 489 2025 venisset
506 1972 541 2025 ad
563 1972 748 2025 eremitorium
770 1972 866 2026 Fontis
887 1973 1083 2027 Columbarum

217 2077 302 2130 prope
326 2061 412 2111 Reate
436 2078 485 2129 pro
508 2062 574 2111 eura
593 2058 762 2111 infirmitatis
785 2059 926 2112 oculorum
949 2059 1083 2131 adquam

216 2145 386 2197 faeiendame
406 2152 465 2197 erat
482 2153 593 2197 coaetus
609 2163 658 2215 per
670 2144 855 2197 obedientiam
871 2163 887 2197 a
903 2144 1012 2197 domino
1029 2145 1084 2198 Os-

216 2230 301 2283 tiensi
317 2238 344 2283 et
366 2250 382 2283 a
397 2231 482 2283 fratre
505 2230 585 2283 Helia
606 2230 730 2302 generali
745 2229 882 2295 ministre,
905 2231 1024 2302 quadam
1040 2231 1083 2284 die

217 2317 294 2369 venit
306 2316 429 2369 medicus
443 2317 478 2369 ad
493 2317 594 2388 ipsum.

254 2403 309 2472 Qui
330 2402 510 2455 considerans
532 2402 720 2456 infirmitatem
742 2402 811 2456 dixit
831 2403 912 2457 beato
935 2404 1083 2457 Franeiseo

218 2489 291 2560 quod
303 2487 414 2541 volebat
430 2489 520 2541 faeere
536 2497 674 2541 eoeturam
688 2508 770 2560 super
783 2489 924 2543 maxillam
940 2509 1029 2561 usque
1049 2489 1084 2543 ad

241 2671 257 2694 a.
271 2660 324 2704 Sper.
336 2660 377 2696 1599
388 2662 499 2702 Postquam
510 2661 611 2696 Dominus
621 2662 661 2705 full
671 2661 784 2696 riooiseum.
792 2662 837 2696 -ln
848 2662 884 2696 Mz.
894 2664 926 2698 989
937 2661 963 2696 ln.
971 2681 992 2687 —-
1000 2672 1016 2697 c.
1029 2663 1083 2707 Spee.

220 2718 262 2754 1599
272 2718 307 2760 aiii
317 2718 451 2762 semetipsum
466 2719 520 2753 [ledit
532 2718 590 2753 nobis
601 2719 668 2753 opinis
680 2720 739 2753 liomo
755 2728 796 2753 uon
808 2721 888 2754 tantum
901 2720 1027 2763 pauperibus
1037 2730 1085 2755 eum

218 2776 320 2810 hilaritate
334 2778 386 2810 esset
401 2776 469 2819 larque
480 2778 516 2811 seu
526 2778 544 2810 et
555 2776 679 2811 animalibus
689 2779 707 2810 el
720 2776 825 2811 991199.-
837 2779 855 2811 li.
867 2777 904 2811 119,
919 2778 951 2813 989
962 2788 996 2812 om.
1009 2778 1055 2813 sibi.
1064 2797 1085 2804 -
1143 2777 1151 2784 '

221 2843 237 2868 e.
249 2833 286 2868 ΜΖ.
296 2834 327 2868 989
338 2832 463 2877 faciendum.

221 2927 392 2934 .—...—-—

244 2988 261 3022 1.
280 2985 375 3024 9019999
395 2985 417 3023 91
429 2979 525 3024 ¹histoire
541 2985 570 3023 du
588 2988 661 3025 texte:
678 2986 717 3025 Mn.
740 2989 788 3025 1713
807 2986 981 3035 18119-4991;
995 2988 1035 3026 119.
1048 2991 1085 3027 989

218 3051 323 3097 117919,
344 3050 408 3100 Spes.
428 3053 477 3089 1599
491 3053 576 3098 l3lra53
596 3050 628 3090 Cf.
647 3051 758 3090 13911997
777 3051 833 3098 95b;
852 3051 954 3091 Rieoardi
967 3055 1015 3091 1197
1032 3053 1083 3092 aab.

244 3114 305 3152 Dans
318 3114 338 3152 19
348 3114 398 3153 Vat.
410 3117 460 3153 1351
471 3114 517 3153 351)
528 3126 537 3153 s
551 3125 574 3154 ee
588 3117 642 3154 reoli
651 3126 678 3154 ne
689 3116 729 3155 fait
740 3118 807 3167 qn'un
821 3127 875 3156 aueo
889 3117 909 3155 le
924 3118 1011 3156 resume
1026 3117 1053 3157 de
1063 3118 1086 3157 la

218 3178 248 3216 fin
259 3178 289 3217 (19
301 3178 421 3228 precedent
432 3180 453 3219 el
463 3180 478 3218 il
489 3191 500 3228 y
510 3180 621 3219 lournissle
634 3180 661 3219 de
671 3181 756 3232 lapsus.

244 3246 255 3281 2
272 3242 318 3283 Cel.
331 3247 349 3292 3,
367 3245 403 3283 '198
416 3245 514 3294 exprime
527 3244 559 3284 les
576 3246 658 3284 memes
675 3246 743 3294 idries,
757 3247 813 3285 mais
830 3258 842 3295 a
860 3248 959 3286 rallaelre
973 3247 1085 3298 plusieurs

219 3310 294 3347 autres
309 3309 424 3348 souvenirs
437 3310 459 3348 et
472 3311 569 3348 romanie
583 3311 753 3361 eomplelement
765 3311 785 3350 le
798 3312 859 3362 style.
