2252 3702
381 288 383 291 ’
433 289 467 324 DE
489 288 597 323 cuLnuo

83 590 109 655 [2
132 588 191 668 Cei.
215 590 241 653 3,
272 590 332 641 124.
360 600 499 654 Qualiter
516 601 640 645 volebat
663 610 714 644 eos
733 599 893 644 addiscere
917 601 947 646 et

133 678 268 733 qualiter
286 678 368 724 socio
385 678 569 734 praedicanti
587 674 767 736 apparuitii.

120 856 239 921 Doiebat
266 868 290 920 si
312 868 416 921 virtute
439 868 598 939 neglecta“‚
627 869 743 922 scientia
766 876 946 940 queereretur‚

83 954 240 1025 prasertim
253 954 278 1007 si
293 973 347 1017 non
358 953 387 1006 in
403 957 436 1006 ea
450 954 595 1007 vocatione
608 955 725 1026 quisque
740 955 905 1026 persisteret
920 955 948 1006 in

84 1044 139 1111 quei
153 1047 270 1093 uocatus
291 1058 307 1091 a
324 1039 460 1111 principio
481 1040 579 1092 fuerit:
605 1062 618 1090 6
632 1043 755 1105 Fratres
778 1041 877 1112 inquit,
894 1040 949 1093 inei
1014 1110 1015 1113 Ἴ

85 1126 132 1197 qui
149 1126 272 1179 scientiae
291 1126 451 1178 curiositate
468 1126 615 1191 ducuntur,
641 1126 670 1178 in
690 1127 733 1179 die
756 1115 957 1180 retributionis¹

83 1231 182 1265 manus
205 1211 346 1265 invenient
361 1230 476 1265 vacuas.
493 1212 601 1266 Vellem
625 1211 691 1264 eos&
714 1213 806 1285 inagis
821 1212 949 1266 roborari

83 1298 244 1363 virtutibus,
256 1306 287 1350 ut
295 1317 378 1369 quum
386 1306 511 1368 tempora
520 1298 708 1351 tribulationis
719 1298 846 1352 reiurent
855 1317 949 1351 secum

84 1385 219 1437 haberent
240 1385 268 1436 in
287 1384 420 1455 angustia
441 1383 598 1436 Dominum.
621 1387 692 1436 Nam
715 1392 741 1436 et
760 1393 879 1437 uentura
894 1393 947 1449 est,

20 1505 21 1514 t
83 1469 182 1541 inquit,
200 1470 354 1533 tribulatio,
378 1474 435 1541 qud
447 1469 511 1522 libri
529 1469 564 1522 ad
583 1469 699 1522 nihilum
713 1470 796 1538 utiies
812 1470 841 1523 iu
856 1471 948 1523 senes-

83 1556 136 1608 tris
152 1556 352 1627 projiciantur⁶
369 1565 395 1608 ct
410 1555 536 1608 latebris.

120 1645 181 1694 Non
193 1642 245 1695 hoc
262 1641 381 1706 dicebat,
399 1642 472 1713 quod
488 1642 632 1713 scripturae
651 1642 744 1695 studia
758 1642 946 1713 displicerent,

85 1728 135 1781 sed
147 1747 200 1800 quo
213 1747 229 1780 a
245 1728 386 1798 superflui
401 1730 468 1780 curet
483 1727 608 1780 discendi
623 1727 769 1781 uniuersos
782 1728 947 1793 retraheret,

84 1823 110 1868 et
137 1833 262 1885 quosque
288 1813 380 1885 inagis
411 1814 528 1866 caritate
555 1814 644 1866 bonos
675 1832 757 1885 quam
787 1814 948 1867 curiositate

84 1901 186 1955 sciolos
203 1920 265 1953 esse
281 1900 374 1952 veliet.

119 1986 354 2040 Piteodorabatur
369 1987 452 2039 etiam
467 1994 593 2057 tempora
612 2006 667 2039 non
689 1987 772 2058 longe
787 1995 906 2040 uentura
921 1988 949 2039 in

84 2074 184 2146 quibus
200 2073 375 2126 occasionem
386 2072 473 2126 ruinae
488 2073 547 2125 iore
564 2072 708 2125 scientiam
724 2073 817 2139 sciret,
833 2073 949 2145 spiritus

106 2285 124 2309 a.
135 2274 172 2309 Ms.
188 2274 233 2309 Ass.
247 2275 340 2318 neptettu.
351 2293 372 2299 —
384 2275 402 2309 b.
416 2274 473 2308 Texte
491 2274 562 2309 [16116λ
578 2274 622 2309 Ass.
640 2282 657 2309 et
672 2272 699 2310 ed.
708 2275 798 2319 Riuaidi;
809 2275 878 2310 Anioni
887 2286 916 2312 eo.
926 2296 948 2302 -

85 2342 102 2367 e.
111 2333 148 2366 uis.
158 2333 203 2367 Ass.
214 2332 366 2376 prohiciuntur.

17 2514 28 2541 z
85 2504 196 2551 eundium,
214 2505 311 2556 sumpsit
328 2505 400 2544 eibum
413 2505 507 2556 guedsus
520 2506 706 2557 quiumpturimum
720 2506 778 2557 quod
786 2518 828 2558 per
842 2506 949 2547 circums-

83 2573 170 2620 pectum
188 2570 397 2609 condescensionem
407 2570 515 2621 pesteris,
532 2574 553 2610 et
568 2570 667 2621 emporis
684 2570 793 2610 euasisset
808 2570 950 2623 dispendium

85 2638 106 2674 et
117 2646 161 2673 iton
173 2633 283 2674 modicum
293 2634 415 2685 accepisset
426 2633 582 2684 certificationis
596 2635 726 2685 euemplum.
743 2634 808 2675 itane
819 2636 886 2686 fecte,
899 2637 949 2687 fru-
985 2641 987 2644 ’

86 2700 157 2739 tritus
176 2699 303 2738 conuocatis
316 2699 339 2738 in
359 2710 432 2744 tinum,
447 2699 483 2738 uir
498 2698 543 2738 Dei
559 2699 736 2751 referensquod
755 2699 868 2740 occideret
887 2705 950 2741 nocie

82 2764 180 2816 prouidit
192 2763 360 2803 commonitione
377 2764 505 2815 subiunxit:
519 2777 528 2800 u
540 2763 574 2805 Sit
585 2765 655 2810 66613,
668 2765 760 2815 fratres,
778 2776 822 2804 non
836 2766 897 2804 citus
910 2767 950 2805 sed

16 2839 38 2871 ι’
85 2830 169 2869 (teritus
182 2830 205 2868 in
216 2830 345 2881 exemptum.
357 2842 366 2865 u
376 2828 459 2868 Docuit
469 2829 561 2880 insuper
572 2840 608 2867 eos
619 2829 774 2869 discretionem
784 2831 848 2881 sequi
857 2834 881 2870 ut
891 2832 951 2870 euri-

84 2906 137 2947 gum
146 2895 262 2942 uirtutum,
277 2905 321 2934 uon
331 2905 380 2933 eum
390 2905 455 2945 etium
466 2905 518 2933 euro
528 2893 608 2933 siittdet
619 2894 659 2934 sed
669 2905 735 2945 quium
746 2895 834 2934 edocuit
846 2896 950 2936 Christus

85 2959 148 3010 eujzu
172 2959 352 3000 suerutissimum
376 2959 447 2998 citum
468 2969 598 3010 expressum
622 2962 711 2999 constet
734 2970 781 2999 esse
804 2960 950 3012 perfectionis

85 3026 204 3075 excerptor.
849 3063 851 3066 .

110 3092 127 3128 i.
144 3090 205 3128 Dans
216 3089 237 3128 16
251 3089 292 3128 116.
307 3092 344 3128 686
356 3088 455 3127 d'Assise
469 3087 498 3139 (p.
512 3090 551 3139 66),
562 3099 586 3127 66
598 3099 703 3128 morccau
712 3088 782 3128 fornic
793 3089 814 3128 16
825 3090 950 3140 cinquierne

14 3160 21 3189 ,⁴
85 3155 227 3205 paragrapho
239 3154 269 3193 du
287 3154 387 3204 chapitre
403 3152 449 3204 (qui
464 3152 584 3203 coinprend
599 3155 610 3190 i
628 3152 674 3193 Cel.
687 3158 706 3201 3,
719 3155 807 3192 itu-teu
822 3153 910 3205 d'aprcs
927 3155 950 3193 la
997 3184 999 3189 .

86 3219 181 3258 division
190 3218 278 3269 Anioni)
289 3217 322 3258 De
335 3218 415 3258 sonent
425 3217 575 3269 simplicitate.
585 3218 629 3256 Par
640 3218 722 3266 contre⁷
735 3217 792 3256 dans
800 3218 820 3257 16
830 3221 949 3258 sommaire

85 3283 125 3323 des
139 3284 257 3335 rubriques
272 3283 302 3335 (p.
319 3282 371 3334 6-7),
387 3294 423 3322 ces
435 3283 486 3334 cinq
498 3283 652 3333 paragraphus
664 3284 714 3322 sont
728 3284 840 3322 annonces
859 3294 913 3322 auec
928 3284 949 3323 16

85 3351 136 3388 titre
147 3349 211 3400 quite
224 3351 263 3388 ont
273 3348 329 3387 dans
341 3347 439 3387 I'edition
451 3348 539 3387 Anioni.
