<?xml version="1.0" encoding="UTF-8"?>
<!DOCTYPE html PUBLIC "-//W3C//DTD XHTML 1.0 Transitional//EN"
    "http://www.w3.org/TR/xhtml1/DTD/xhtml1-transitional.dtd">
<html xmlns="http://www.w3.org/1999/xhtml" xml:lang="en" lang="en">
 <head>
  <title>
</title>
<meta http-equiv="Content-Type" content="text/html;charset=utf-8" />
  <meta name='ocr-system' content='tesseract 3.04.00' />
  <meta name='ocr-capabilities' content='ocr_page ocr_carea ocr_par ocr_line ocrx_word'/>
</head>
<body>
  <div class='ocr_page' id='page_1' title='image "./MN42046ucmf_8_0290.png"; bbox 0 0 2335 3674; ppageno 0'>
   <div class='ocr_carea' id='block_1_1' title="bbox 168 260 180 278">
    <p class='ocr_par' dir='ltr' id='par_1_1' title="bbox 168 260 180 278">
     <span class='ocr_line' id='line_1_1' title="bbox 168 260 180 278; baseline 0 -9"><span class='ocrx_word' id='word_1_1' title='bbox 168 260 180 278; x_wconf 47' lang='grc' dir='ltr'><strong><em>Υ</em></strong></span> 
     </span>
    </p>
   </div>
   <div class='ocr_carea' id='block_1_2' title="bbox 167 254 820 317">
    <p class='ocr_par' dir='ltr' id='par_1_2' title="bbox 167 254 820 317">
     <span class='ocr_line' id='line_1_2' title="bbox 167 254 820 317; baseline -0.009 -7"><span class='ocrx_word' id='word_1_2' title='bbox 167 258 201 310; x_wconf 75' lang='grc'>38</span> <span class='ocrx_word' id='word_1_3' title='bbox 330 272 477 308; x_wconf 73' lang='lat' dir='ltr'>srnoutuu</span> <span class='ocrx_word' id='word_1_4' title='bbox 497 270 700 306; x_wconf 79' lang='lat' dir='ltr'>rnnrnoriouis</span> <span class='ocrx_word' id='word_1_5' title='bbox 720 271 765 317; x_wconf 82' lang='lat' dir='ltr'>in,</span> <span class='ocrx_word' id='word_1_6' title='bbox 786 254 820 305; x_wconf 79' lang='lat'>29</span> 
     </span>
    </p>
   </div>
   <div class='ocr_carea' id='block_1_3' title="bbox 150 639 1009 780">
    <p class='ocr_par' dir='ltr' id='par_1_3' title="bbox 150 639 1009 780">
     <span class='ocr_line' id='line_1_3' title="bbox 150 639 1009 698; baseline -0.003 -11"><span class='ocrx_word' id='word_1_7' title='bbox 150 642 288 698; x_wconf 77' lang='lat' dir='ltr'>Qualiter</span> <span class='ocrx_word' id='word_1_8' title='bbox 305 641 433 686; x_wconf 83' lang='lat' dir='ltr'>nudauit</span> <span class='ocrx_word' id='word_1_9' title='bbox 453 651 485 685; x_wconf 87' lang='lat' dir='ltr'>se</span> <span class='ocrx_word' id='word_1_10' title='bbox 506 642 535 685; x_wconf 85' lang='lat' dir='ltr'>et</span> <span class='ocrx_word' id='word_1_11' title='bbox 554 640 668 685; x_wconf 83' lang='lat' dir='ltr'>socium</span> <span class='ocrx_word' id='word_1_12' title='bbox 691 641 724 684; x_wconf 88' lang='lat' dir='ltr'>ut</span> <span class='ocrx_word' id='word_1_13' title='bbox 747 639 877 684; x_wconf 76' lang='lat' dir='ltr'><strong>vestiret</strong></span> <span class='ocrx_word' id='word_1_14' title='bbox 898 650 1009 694; x_wconf 81' lang='lat' dir='ltr'>paupe-</span> 
     </span>
     <span class='ocr_line' id='line_1_4' title="bbox 196 717 426 780; baseline -0.009 -14"><span class='ocrx_word' id='word_1_15' title='bbox 196 733 260 766; x_wconf 84' lang='lat' dir='ltr'>rem</span> <span class='ocrx_word' id='word_1_16' title='bbox 273 727 293 766; x_wconf 56' lang='grc'>4.</span> <span class='ocrx_word' id='word_1_17' title='bbox 309 719 372 780; x_wconf 82' lang='lat' dir='ltr'>Cap.</span> <span class='ocrx_word' id='word_1_18' title='bbox 387 717 426 765; x_wconf 61' lang='lat'>³29.</span> 
     </span>
    </p>
   </div>
   <div class='ocr_carea' id='block_1_4' title="bbox 150 917 1009 1074">
    <p class='ocr_par' dir='ltr' id='par_1_4' title="bbox 150 917 1009 1074">
     <span class='ocr_line' id='line_1_5' title="bbox 184 917 1009 989; baseline -0.001 -19"><span class='ocrx_word' id='word_1_19' title='bbox 184 918 266 989; x_wconf 69' lang='lat' dir='ltr'>Apud</span> <span class='ocrx_word' id='word_1_20' title='bbox 276 919 409 972; x_wconf 89' lang='lat' dir='ltr'>Celanum</span> <span class='ocrx_word' id='word_1_21' title='bbox 421 926 544 988; x_wconf 92' lang='lat' dir='ltr'>tempore</span> <span class='ocrx_word' id='word_1_22' title='bbox 553 918 663 970; x_wconf 75' lang='lat' dir='ltr'>hiemali</span> <span class='ocrx_word' id='word_1_23' title='bbox 671 938 754 989; x_wconf 85' lang='lat' dir='ltr'>quum</span> <span class='ocrx_word' id='word_1_24' title='bbox 769 918 867 970; x_wconf 84' lang='lat' dir='ltr'>beatus</span> <span class='ocrx_word' id='word_1_25' title='bbox 881 917 1009 969; x_wconf 88' lang='lat' dir='ltr'>Francis-</span> 
     </span>
     <span class='ocr_line' id='line_1_6' title="bbox 150 1002 1009 1074; baseline -0.003 -17"><span class='ocrx_word' id='word_1_26' title='bbox 150 1024 197 1057; x_wconf 85' lang='lat' dir='ltr'>ous</span> <span class='ocrx_word' id='word_1_27' title='bbox 210 1004 324 1056; x_wconf 86' lang='lat' dir='ltr'>haberet</span> <span class='ocrx_word' id='word_1_28' title='bbox 338 1007 379 1070; x_wconf 71' lang='grc'>444</span> <span class='ocrx_word' id='word_1_29' title='bbox 388 1003 431 1056; x_wconf 78' lang='lat' dir='ltr'>his</span> <span class='ocrx_word' id='word_1_30' title='bbox 443 1003 461 1055; x_wconf 85' lang='lat' dir='ltr'>b</span> <span class='ocrx_word' id='word_1_31' title='bbox 471 1006 494 1067; x_wconf 83' lang='lat' dir='ltr'>l]</span> <span class='ocrx_word' id='word_1_32' title='bbox 506 1023 626 1074; x_wconf 92' lang='lat' dir='ltr'>pannum</span> <span class='ocrx_word' id='word_1_33' title='bbox 639 1003 769 1074; x_wconf 90' lang='lat' dir='ltr'>plicatum</span> <span class='ocrx_word' id='word_1_34' title='bbox 777 1003 805 1054; x_wconf 92' lang='lat' dir='ltr'>in</span> <span class='ocrx_word' id='word_1_35' title='bbox 817 1002 927 1054; x_wconf 90' lang='lat' dir='ltr'>modum</span> <span class='ocrx_word' id='word_1_36' title='bbox 936 1022 1009 1054; x_wconf 90' lang='lat' dir='ltr'>man-</span> 
     </span>
    </p>
   </div>
   <div class='ocr_carea' id='block_1_5' title="bbox 148 1088 1066 1160">
    <p class='ocr_par' dir='ltr' id='par_1_5' title="bbox 148 1088 1066 1160">
     <span class='ocr_line' id='line_1_7' title="bbox 148 1088 1066 1160; baseline 0 -18"><span class='ocrx_word' id='word_1_37' title='bbox 148 1090 206 1142; x_wconf 90' lang='lat' dir='ltr'>telli</span> <span class='ocrx_word' id='word_1_38' title='bbox 216 1108 295 1160; x_wconf 82' lang='lat' dir='ltr'>quem</span> <span class='ocrx_word' id='word_1_39' title='bbox 305 1089 358 1142; x_wconf 88' lang='lat' dir='ltr'>sibi</span> <span class='ocrx_word' id='word_1_40' title='bbox 367 1090 622 1143; x_wconf 70' lang='lat' dir='ltr'>accommodaverat</span> <span class='ocrx_word' id='word_1_41' title='bbox 631 1088 742 1160; x_wconf 84' lang='lat' dir='ltr'>quidam</span> <span class='ocrx_word' id='word_1_42' title='bbox 752 1089 855 1141; x_wconf 88' lang='lat' dir='ltr'>amicus</span> <span class='ocrx_word' id='word_1_43' title='bbox 865 1088 1007 1152; x_wconf 72' lang='lat' dir='ltr'>lratrum&#39;1‚</span> <span class='ocrx_word' id='word_1_44' title='bbox 1054 1109 1066 1142; x_wconf 84' lang='lat'>5</span> 
     </span>
    </p>
   </div>
   <div class='ocr_carea' id='block_1_6' title="bbox 148 1174 1010 1504">
    <p class='ocr_par' dir='ltr' id='par_1_6' title="bbox 148 1174 1010 1504">
     <span class='ocr_line' id='line_1_8' title="bbox 149 1174 1010 1246; baseline -0.003 -18"><span class='ocrx_word' id='word_1_45' title='bbox 149 1175 268 1228; x_wconf 86' lang='lat' dir='ltr'>oocurrit</span> <span class='ocrx_word' id='word_1_46' title='bbox 292 1175 315 1227; x_wconf 86' lang='lat' dir='ltr'>ei</span> <span class='ocrx_word' id='word_1_47' title='bbox 339 1174 464 1246; x_wconf 65' lang='lat' dir='ltr'>quaedam</span> <span class='ocrx_word' id='word_1_48' title='bbox 486 1175 580 1227; x_wconf 79' lang='lat' dir='ltr'>uetula</span> <span class='ocrx_word' id='word_1_49' title='bbox 603 1183 700 1245; x_wconf 88' lang='lat' dir='ltr'>petens</span> <span class='ocrx_word' id='word_1_50' title='bbox 726 1175 938 1245; x_wconf 68' lang='lat' dir='ltr'>eleemosynam,</span> <span class='ocrx_word' id='word_1_51' title='bbox 964 1174 1010 1245; x_wconf 81' lang='lat' dir='ltr'>qui</span> 
     </span>
     <span class='ocr_line' id='line_1_9' title="bbox 150 1259 1009 1331; baseline -0.003 -18"><span class='ocrx_word' id='word_1_52' title='bbox 150 1261 243 1313; x_wconf 85' lang='lat' dir='ltr'>statim</span> <span class='ocrx_word' id='word_1_53' title='bbox 259 1280 380 1331; x_wconf 83' lang='lat' dir='ltr'>panruim</span> <span class='ocrx_word' id='word_1_54' title='bbox 393 1260 476 1312; x_wconf 79' lang='lat' dir='ltr'>solvit</span> <span class='ocrx_word' id='word_1_55' title='bbox 489 1279 504 1311; x_wconf 96' lang='lat' dir='ltr'>a</span> <span class='ocrx_word' id='word_1_56' title='bbox 517 1260 585 1312; x_wconf 91' lang='lat' dir='ltr'>collo</span> <span class='ocrx_word' id='word_1_57' title='bbox 599 1268 625 1312; x_wconf 89' lang='lat' dir='ltr'>et</span> <span class='ocrx_word' id='word_1_58' title='bbox 638 1260 720 1312; x_wconf 66' lang='lat' dir='ltr'>licetl</span> <span class='ocrx_word' id='word_1_59' title='bbox 737 1260 843 1312; x_wconf 86' lang='lat' dir='ltr'>alienus</span> <span class='ocrx_word' id='word_1_60' title='bbox 857 1259 931 1312; x_wconf 91' lang='lat' dir='ltr'>dedit</span> <span class='ocrx_word' id='word_1_61' title='bbox 941 1279 1009 1330; x_wconf 90' lang='lat' dir='ltr'>pau-</span> 
     </span>
     <span class='ocr_line' id='line_1_10' title="bbox 148 1345 1009 1418; baseline -0.001 -19"><span class='ocrx_word' id='word_1_62' title='bbox 148 1347 208 1418; x_wconf 90' lang='lat' dir='ltr'>peri</span> <span class='ocrx_word' id='word_1_63' title='bbox 220 1346 319 1399; x_wconf 74' lang='lat' dir='ltr'>vetulae</span> <span class='ocrx_word' id='word_1_64' title='bbox 333 1346 426 1399; x_wconf 86' lang='lat' dir='ltr'>dicens</span> <span class='ocrx_word' id='word_1_65' title='bbox 439 1365 443 1398; x_wconf 81' lang='lat' dir='ltr'>z</span> <span class='ocrx_word' id='word_1_66' title='bbox 461 1369 473 1395; x_wconf 73' lang='lat' dir='ltr'>u</span> <span class='ocrx_word' id='word_1_67' title='bbox 484 1347 562 1399; x_wconf 64' lang='lat' dir='ltr'>Vade</span> <span class='ocrx_word' id='word_1_68' title='bbox 576 1355 602 1399; x_wconf 86' lang='lat' dir='ltr'>et</span> <span class='ocrx_word' id='word_1_69' title='bbox 614 1346 656 1398; x_wconf 85' lang='lat' dir='ltr'>lae</span> <span class='ocrx_word' id='word_1_70' title='bbox 668 1345 718 1398; x_wconf 75' lang='lat' dir='ltr'>tihi</span> <span class='ocrx_word' id='word_1_71' title='bbox 730 1346 851 1399; x_wconf 87' lang='lat' dir='ltr'>tunicam</span> <span class='ocrx_word' id='word_1_72' title='bbox 864 1345 927 1417; x_wconf 83' lang='lat' dir='ltr'>quia</span> <span class='ocrx_word' id='word_1_73' title='bbox 941 1345 1009 1398; x_wconf 87' lang='lat' dir='ltr'>satis</span> 
     </span>
     <span class='ocr_line' id='line_1_11' title="bbox 149 1432 302 1504; baseline -0.02 -20"><span class='ocrx_word' id='word_1_74' title='bbox 149 1432 269 1504; x_wconf 77' lang='lat' dir='ltr'>indiges.</span> <span class='ocrx_word' id='word_1_75' title='bbox 289 1455 302 1481; x_wconf 86' lang='lat'>))</span> 
     </span>
    </p>
   </div>
   <div class='ocr_carea' id='block_1_7' title="bbox 185 1518 1058 1589">
    <p class='ocr_par' dir='ltr' id='par_1_7' title="bbox 185 1518 1058 1589">
     <span class='ocr_line' id='line_1_12' title="bbox 185 1518 1058 1589; baseline 0 -19"><span class='ocrx_word' id='word_1_76' title='bbox 185 1518 289 1571; x_wconf 75' lang='lat' dir='ltr'>rlrrisit</span> <span class='ocrx_word' id='word_1_77' title='bbox 304 1519 398 1571; x_wconf 81' lang='lat' dir='ltr'>rotula</span> <span class='ocrx_word' id='word_1_78' title='bbox 414 1527 440 1571; x_wconf 89' lang='lat' dir='ltr'>et</span> <span class='ocrx_word' id='word_1_79' title='bbox 454 1519 617 1588; x_wconf 74' lang='lat' dir='ltr'>stupefacta,</span> <span class='ocrx_word' id='word_1_80' title='bbox 632 1518 725 1571; x_wconf 88' lang='lat' dir='ltr'>neseio</span> <span class='ocrx_word' id='word_1_81' title='bbox 737 1518 835 1571; x_wconf 88' lang='lat' dir='ltr'>timore</span> <span class='ocrx_word' id='word_1_82' title='bbox 849 1538 883 1571; x_wconf 91' lang='lat' dir='ltr'>an</span> <span class='ocrx_word' id='word_1_83' title='bbox 897 1518 1008 1589; x_wconf 62' lang='lat' dir='ltr'>gaudio,</span> <span class='ocrx_word' id='word_1_84' title='bbox 1055 1540 1058 1547; x_wconf 69' lang='lat'><strong><em>¹</em></strong></span> 
     </span>
    </p>
   </div>
   <div class='ocr_carea' id='block_1_8' title="bbox 148 1604 1010 1935">
    <p class='ocr_par' dir='ltr' id='par_1_8' title="bbox 148 1604 1010 1935">
     <span class='ocr_line' id='line_1_13' title="bbox 149 1604 1010 1680; baseline -0.002 -23"><span class='ocrx_word' id='word_1_85' title='bbox 149 1624 269 1675; x_wconf 89' lang='lat' dir='ltr'>pannum</span> <span class='ocrx_word' id='word_1_86' title='bbox 286 1604 319 1656; x_wconf 90' lang='lat' dir='ltr'>de</span> <span class='ocrx_word' id='word_1_87' title='bbox 340 1605 398 1676; x_wconf 81' lang='lat' dir='ltr'>ejus</span> <span class='ocrx_word' id='word_1_88' title='bbox 415 1604 541 1657; x_wconf 85' lang='lat' dir='ltr'>manibus</span> <span class='ocrx_word' id='word_1_89' title='bbox 563 1604 690 1675; x_wconf 67' lang='lat' dir='ltr'>sumpsit,</span> <span class='ocrx_word' id='word_1_90' title='bbox 715 1613 741 1657; x_wconf 85' lang='lat' dir='ltr'>et</span> <span class='ocrx_word' id='word_1_91' title='bbox 760 1625 794 1656; x_wconf 92' lang='lat' dir='ltr'>ne</span> <span class='ocrx_word' id='word_1_92' title='bbox 810 1624 886 1656; x_wconf 90' lang='lat' dir='ltr'>mora</span> <span class='ocrx_word' id='word_1_93' title='bbox 902 1604 1010 1680; x_wconf 80' lang='lat' dir='ltr'>pericu-</span> 
     </span>
     <span class='ocr_line' id='line_1_14' title="bbox 148 1690 1010 1762; baseline 0 -20"><span class='ocrx_word' id='word_1_94' title='bbox 148 1691 204 1743; x_wconf 92' lang='lat' dir='ltr'>lum</span> <span class='ocrx_word' id='word_1_95' title='bbox 224 1690 396 1761; x_wconf 69' lang='lat' dir='ltr'>repetitionis</span> <span class='ocrx_word' id='word_1_96' title='bbox 415 1691 539 1744; x_wconf 85' lang='lat' dir='ltr'>traheret</span> <span class='ocrx_word' id='word_1_97' title='bbox 563 1691 682 1744; x_wconf 89' lang='lat' dir='ltr'>cucurrit</span> <span class='ocrx_word' id='word_1_98' title='bbox 705 1692 827 1744; x_wconf 70' lang='lat' dir='ltr'>velocius</span> <span class='ocrx_word' id='word_1_99' title='bbox 844 1699 870 1743; x_wconf 87' lang='lat' dir='ltr'>et</span> <span class='ocrx_word' id='word_1_100' title='bbox 889 1710 1010 1762; x_wconf 88' lang='lat' dir='ltr'>panmrm</span> 
     </span>
     <span class='ocr_line' id='line_1_15' title="bbox 150 1777 1010 1848; baseline 0.001 -19"><span class='ocrx_word' id='word_1_101' title='bbox 150 1796 210 1829; x_wconf 86' lang='lat' dir='ltr'>oum</span> <span class='ocrx_word' id='word_1_102' title='bbox 233 1777 392 1830; x_wconf 64' lang='lat' dir='ltr'>lorficihusC</span> <span class='ocrx_word' id='word_1_103' title='bbox 417 1777 521 1830; x_wconf 79' lang='lat' dir='ltr'>incidit.</span> <span class='ocrx_word' id='word_1_104' title='bbox 550 1779 640 1847; x_wconf 87' lang='lat' dir='ltr'>Quum</span> <span class='ocrx_word' id='word_1_105' title='bbox 667 1786 758 1830; x_wconf 90' lang='lat' dir='ltr'>autem</span> <span class='ocrx_word' id='word_1_106' title='bbox 781 1796 835 1829; x_wconf 89' lang='lat' dir='ltr'>non</span> <span class='ocrx_word' id='word_1_107' title='bbox 857 1777 1010 1848; x_wconf 76' lang='lat' dir='ltr'>inuenisset</span> 
     </span>
     <span class='ocr_line' id='line_1_16' title="bbox 149 1863 1010 1935; baseline 0 -20"><span class='ocrx_word' id='word_1_108' title='bbox 149 1882 271 1933; x_wconf 84' lang='lat' dir='ltr'>panmrm</span> <span class='ocrx_word' id='word_1_109' title='bbox 288 1863 340 1916; x_wconf 81' lang='lat' dir='ltr'>sibi</span> <span class='ocrx_word' id='word_1_110' title='bbox 355 1863 478 1916; x_wconf 83' lang='lat' dir='ltr'>sufficere</span> <span class='ocrx_word' id='word_1_111' title='bbox 490 1883 540 1933; x_wconf 90' lang='lat' dir='ltr'>pro</span> <span class='ocrx_word' id='word_1_112' title='bbox 552 1863 666 1916; x_wconf 64' lang='lat' dir='ltr'>tunicasl</span> <span class='ocrx_word' id='word_1_113' title='bbox 678 1863 713 1915; x_wconf 92' lang='lat' dir='ltr'>ad</span> <span class='ocrx_word' id='word_1_114' title='bbox 725 1864 841 1934; x_wconf 91' lang='lat' dir='ltr'>primam</span> <span class='ocrx_word' id='word_1_115' title='bbox 853 1863 1010 1935; x_wconf 78' lang='lat' dir='ltr'>benignita-</span> 
     </span>
    </p>
   </div>
   <div class='ocr_carea' id='block_1_9' title="bbox 148 1948 1077 2020">
    <p class='ocr_par' dir='ltr' id='par_1_9' title="bbox 148 1948 1077 2020">
     <span class='ocr_line' id='line_1_17' title="bbox 148 1948 1077 2020; baseline 0.001 -19"><span class='ocrx_word' id='word_1_116' title='bbox 148 1957 204 2001; x_wconf 89' lang='lat' dir='ltr'>tem</span> <span class='ocrx_word' id='word_1_117' title='bbox 218 1948 306 2001; x_wconf 81' lang='lat' dir='ltr'>sancti</span> <span class='ocrx_word' id='word_1_118' title='bbox 318 1949 406 2020; x_wconf 89' lang='lat' dir='ltr'>patris</span> <span class='ocrx_word' id='word_1_119' title='bbox 419 1949 535 2002; x_wconf 86' lang='lat' dir='ltr'>recurrit</span> <span class='ocrx_word' id='word_1_120' title='bbox 547 1949 673 2002; x_wconf 89' lang='lat' dir='ltr'>indicans</span> <span class='ocrx_word' id='word_1_121' title='bbox 687 1948 710 2001; x_wconf 89' lang='lat' dir='ltr'>ei</span> <span class='ocrx_word' id='word_1_122' title='bbox 721 1969 842 2020; x_wconf 88' lang='lat' dir='ltr'>pannum</span> <span class='ocrx_word' id='word_1_123' title='bbox 854 1968 903 2020; x_wconf 92' lang='lat' dir='ltr'>pro</span> <span class='ocrx_word' id='word_1_124' title='bbox 917 1949 1011 2002; x_wconf 77' lang='lat' dir='ltr'>tunica</span> <span class='ocrx_word' id='word_1_125' title='bbox 1056 1967 1077 1984; x_wconf 41' lang='grc' dir='ltr'><strong><em>Τ</em></strong></span> 
     </span>
    </p>
   </div>
   <div class='ocr_carea' id='block_1_10' title="bbox 81 2034 1010 2450">
    <p class='ocr_par' dir='ltr' id='par_1_10' title="bbox 81 2034 1010 2450">
     <span class='ocr_line' id='line_1_18' title="bbox 149 2034 1010 2089; baseline 0.002 -4"><span class='ocrx_word' id='word_1_126' title='bbox 149 2034 230 2086; x_wconf 91' lang='lat' dir='ltr'>nimis</span> <span class='ocrx_word' id='word_1_127' title='bbox 248 2034 383 2087; x_wconf 85' lang='lat' dir='ltr'>modicum</span> <span class='ocrx_word' id='word_1_128' title='bbox 400 2034 534 2087; x_wconf 79' lang='lat' dir='ltr'>extitisse.</span> <span class='ocrx_word' id='word_1_129' title='bbox 553 2038 578 2089; x_wconf 52' lang='grc' dir='ltr'>4ἶ</span> <span class='ocrx_word' id='word_1_130' title='bbox 582 2035 645 2087; x_wconf 87' lang='lat' dir='ltr'>ertit</span> <span class='ocrx_word' id='word_1_131' title='bbox 667 2044 779 2088; x_wconf 86' lang='lat' dir='ltr'>sanctus</span> <span class='ocrx_word' id='word_1_132' title='bbox 803 2035 897 2087; x_wconf 89' lang='lat' dir='ltr'>oculos</span> <span class='ocrx_word' id='word_1_133' title='bbox 914 2035 948 2088; x_wconf 89' lang='lat' dir='ltr'>ad</span> <span class='ocrx_word' id='word_1_134' title='bbox 966 2054 1010 2087; x_wconf 91' lang='lat' dir='ltr'>so-</span> 
     </span>
     <span class='ocr_line' id='line_1_19' title="bbox 150 2120 1010 2192; baseline 0.001 -20"><span class='ocrx_word' id='word_1_135' title='bbox 150 2120 221 2172; x_wconf 86' lang='lat' dir='ltr'>cium</span> <span class='ocrx_word' id='word_1_136' title='bbox 244 2120 290 2191; x_wconf 79' lang='lat' dir='ltr'>qui</span> <span class='ocrx_word' id='word_1_137' title='bbox 312 2121 482 2173; x_wconf 78' lang='lat' dir='ltr'>tantumdem</span> <span class='ocrx_word' id='word_1_138' title='bbox 504 2140 624 2192; x_wconf 87' lang='lat' dir='ltr'>panrunn</span> <span class='ocrx_word' id='word_1_139' title='bbox 647 2122 776 2192; x_wconf 86' lang='lat' dir='ltr'>portabat</span> <span class='ocrx_word' id='word_1_140' title='bbox 799 2121 833 2173; x_wconf 94' lang='lat' dir='ltr'>ad</span> <span class='ocrx_word' id='word_1_141' title='bbox 855 2121 968 2173; x_wconf 86' lang='lat' dir='ltr'>dorsum</span> <span class='ocrx_word' id='word_1_142' title='bbox 984 2130 1010 2173; x_wconf 93' lang='lat' dir='ltr'>et</span> 
     </span>
     <span class='ocr_line' id='line_1_20' title="bbox 150 2205 1010 2278; baseline 0.003 -22"><span class='ocrx_word' id='word_1_143' title='bbox 150 2205 218 2257; x_wconf 78' lang='lat' dir='ltr'>dixit</span> <span class='ocrx_word' id='word_1_144' title='bbox 230 2205 283 2257; x_wconf 91' lang='lat' dir='ltr'>illi:</span> <span class='ocrx_word' id='word_1_145' title='bbox 302 2229 314 2255; x_wconf 73' lang='lat' dir='ltr'>a</span> <span class='ocrx_word' id='word_1_146' title='bbox 325 2206 412 2258; x_wconf 74' lang='lat' dir='ltr'>Audis</span> <span class='ocrx_word' id='word_1_147' title='bbox 426 2206 491 2277; x_wconf 83' lang='lat' dir='ltr'>quid</span> <span class='ocrx_word' id='word_1_148' title='bbox 504 2206 562 2260; x_wconf 67' lang='lat' dir='ltr'>haee</span> <span class='ocrx_word' id='word_1_149' title='bbox 574 2208 742 2278; x_wconf 86' lang='lat' dir='ltr'>paupercula</span> <span class='ocrx_word' id='word_1_150' title='bbox 754 2207 829 2259; x_wconf 84' lang='lat' dir='ltr'>dicit.</span> <span class='ocrx_word' id='word_1_151' title='bbox 845 2207 946 2259; x_wconf 76' lang='lat' dir='ltr'>rlmore</span> <span class='ocrx_word' id='word_1_152' title='bbox 960 2206 1010 2259; x_wconf 88' lang='lat' dir='ltr'>Dei</span> 
     </span>
     <span class='ocr_line' id='line_1_21' title="bbox 151 2291 1010 2364; baseline 0 -20"><span class='ocrx_word' id='word_1_153' title='bbox 151 2291 338 2345; x_wconf 77' lang='lat' dir='ltr'>sustineamus</span> <span class='ocrx_word' id='word_1_154' title='bbox 361 2293 484 2363; x_wconf 80' lang='lat' dir='ltr'>algorem</span> <span class='ocrx_word' id='word_1_155' title='bbox 501 2302 527 2346; x_wconf 90' lang='lat' dir='ltr'>et</span> <span class='ocrx_word' id='word_1_156' title='bbox 543 2293 578 2345; x_wconf 89' lang='lat' dir='ltr'>da</span> <span class='ocrx_word' id='word_1_157' title='bbox 593 2292 640 2345; x_wconf 92' lang='lat' dir='ltr'>isti</span> <span class='ocrx_word' id='word_1_158' title='bbox 661 2294 835 2364; x_wconf 63' lang='lat' dir='ltr'>pauperculae</span> <span class='ocrx_word' id='word_1_159' title='bbox 851 2293 927 2345; x_wconf 89' lang='lat' dir='ltr'>illum</span> <span class='ocrx_word' id='word_1_160' title='bbox 942 2313 1010 2364; x_wconf 91' lang='lat' dir='ltr'>pan-</span> 
     </span>
     <span class='ocr_line' id='line_1_22' title="bbox 81 2379 667 2450; baseline -0.002 -21"><span class='ocrx_word' id='word_1_161' title='bbox 81 2406 82 2409; x_wconf 58' lang='lat'><em>=</em></span> <span class='ocrx_word' id='word_1_162' title='bbox 149 2397 223 2438; x_wconf 45' lang='lat' dir='ltr'>num¹¹</span> <span class='ocrx_word' id='word_1_163' title='bbox 238 2387 268 2430; x_wconf 88' lang='lat' dir='ltr'>ut</span> <span class='ocrx_word' id='word_1_164' title='bbox 284 2379 343 2449; x_wconf 84' lang='lat' dir='ltr'>ejus</span> <span class='ocrx_word' id='word_1_165' title='bbox 355 2379 449 2431; x_wconf 88' lang='lat' dir='ltr'>tunica</span> <span class='ocrx_word' id='word_1_166' title='bbox 461 2380 638 2450; x_wconf 87' lang='lat' dir='ltr'>compleatur.</span> <span class='ocrx_word' id='word_1_167' title='bbox 654 2401 667 2428; x_wconf 64' lang='lat' dir='ltr'>&gt;i</span> 
     </span>
    </p>
   </div>
   <div class='ocr_carea' id='block_1_11' title="bbox 150 2501 321 2508">
    <p class='ocr_par' dir='ltr' id='par_1_11' title="bbox 150 2501 321 2508">
     <span class='ocr_line' id='line_1_23' title="bbox 150 2501 321 2508; baseline 0 -1"><span class='ocrx_word' id='word_1_168' title='bbox 150 2501 321 2508; x_wconf 78' lang='lat'>———</span> 
     </span>
    </p>
   </div>
   <div class='ocr_carea' id='block_1_12' title="bbox 147 2571 1011 2731">
    <p class='ocr_par' dir='ltr' id='par_1_12' title="bbox 147 2571 1011 2731">
     <span class='ocr_line' id='line_1_24' title="bbox 171 2571 1011 2617; baseline 0.005 -11"><span class='ocrx_word' id='word_1_169' title='bbox 171 2582 188 2606; x_wconf 85' lang='lat' dir='ltr'>a.</span> <span class='ocrx_word' id='word_1_170' title='bbox 199 2572 241 2607; x_wconf 69' lang='lat' dir='ltr'>Vnt.</span> <span class='ocrx_word' id='word_1_171' title='bbox 253 2571 295 2607; x_wconf 65' lang='grc'>4354</span> <span class='ocrx_word' id='word_1_172' title='bbox 308 2581 325 2606; x_wconf 82' lang='lat' dir='ltr'>et</span> <span class='ocrx_word' id='word_1_173' title='bbox 340 2572 393 2616; x_wconf 70' lang='lat' dir='ltr'>Sper.</span> <span class='ocrx_word' id='word_1_174' title='bbox 409 2572 450 2608; x_wconf 67' lang='lat' dir='ltr'>totta</span> <span class='ocrx_word' id='word_1_175' title='bbox 464 2573 613 2617; x_wconf 78' lang='lat' dir='ltr'>pauperculam</span> <span class='ocrx_word' id='word_1_176' title='bbox 624 2573 720 2608; x_wconf 76' lang='lat' dir='ltr'>ortulum.</span> <span class='ocrx_word' id='word_1_177' title='bbox 729 2593 750 2597; x_wconf 98' lang='lat'>—</span> <span class='ocrx_word' id='word_1_178' title='bbox 760 2574 776 2608; x_wconf 82' lang='lat' dir='ltr'>b.</span> <span class='ocrx_word' id='word_1_179' title='bbox 788 2574 823 2608; x_wconf 80' lang='lat' dir='ltr'>Mz.</span> <span class='ocrx_word' id='word_1_180' title='bbox 833 2576 864 2609; x_wconf 72' lang='grc'>4841</span> <span class='ocrx_word' id='word_1_181' title='bbox 874 2575 914 2608; x_wconf 84' lang='lat' dir='ltr'>add.</span> <span class='ocrx_word' id='word_1_182' title='bbox 924 2578 981 2610; x_wconf 78' lang='lat' dir='ltr'>essct.</span> <span class='ocrx_word' id='word_1_183' title='bbox 990 2594 1011 2600; x_wconf 85' lang='lat'><em>-</em></span> 
     </span>
     <span class='ocr_line' id='line_1_25' title="bbox 149 2629 1011 2674; baseline 0.005 -11"><span class='ocrx_word' id='word_1_184' title='bbox 149 2639 166 2664; x_wconf 81' lang='lat' dir='ltr'>o.</span> <span class='ocrx_word' id='word_1_185' title='bbox 183 2630 219 2663; x_wconf 80' lang='lat' dir='ltr'>Mz.</span> <span class='ocrx_word' id='word_1_186' title='bbox 234 2631 272 2671; x_wconf 74' lang='grc'>41844,</span> <span class='ocrx_word' id='word_1_187' title='bbox 286 2629 329 2664; x_wconf 75' lang='lat' dir='ltr'>Vat.</span> <span class='ocrx_word' id='word_1_188' title='bbox 347 2630 389 2665; x_wconf 75' lang='grc'>4354</span> <span class='ocrx_word' id='word_1_189' title='bbox 407 2638 424 2664; x_wconf 82' lang='lat' dir='ltr'>et</span> <span class='ocrx_word' id='word_1_190' title='bbox 438 2630 492 2673; x_wconf 80' lang='lat' dir='ltr'>Spee.</span> <span class='ocrx_word' id='word_1_191' title='bbox 512 2631 552 2666; x_wconf 71' lang='lat' dir='ltr'>moa</span> <span class='ocrx_word' id='word_1_192' title='bbox 569 2631 689 2674; x_wconf 73' lang='lat' dir='ltr'>forcipibus.</span> <span class='ocrx_word' id='word_1_193' title='bbox 703 2650 724 2655; x_wconf 91' lang='lat'>—</span> <span class='ocrx_word' id='word_1_194' title='bbox 740 2633 759 2666; x_wconf 82' lang='lat' dir='ltr'>d.</span> <span class='ocrx_word' id='word_1_195' title='bbox 771 2632 814 2667; x_wconf 72' lang='lat' dir='ltr'>Vat.</span> <span class='ocrx_word' id='word_1_196' title='bbox 828 2631 870 2667; x_wconf 67' lang='grc'>4334</span> <span class='ocrx_word' id='word_1_197' title='bbox 884 2642 919 2666; x_wconf 61' lang='lat' dir='ltr'>om⁴</span> <span class='ocrx_word' id='word_1_198' title='bbox 933 2633 951 2666; x_wconf 86' lang='lat' dir='ltr'>la</span> <span class='ocrx_word' id='word_1_199' title='bbox 964 2634 1011 2667; x_wconf 79' lang='lat' dir='ltr'>suite</span> 
     </span>
     <span class='ocr_line' id='line_1_26' title="bbox 147 2687 301 2731; baseline 0 -10"><span class='ocrx_word' id='word_1_200' title='bbox 147 2687 219 2731; x_wconf 76' lang='lat' dir='ltr'>jiisqu&#39;a</span> <span class='ocrx_word' id='word_1_201' title='bbox 231 2688 301 2721; x_wconf 76' lang='lat' dir='ltr'>t&#39;crtt&#39;t.</span> 
     </span>
    </p>
   </div>
   <div class='ocr_carea' id='block_1_13' title="bbox 150 2796 323 2803">
    <p class='ocr_par' dir='ltr' id='par_1_13' title="bbox 150 2796 323 2803">
     <span class='ocr_line' id='line_1_27' title="bbox 150 2796 323 2803; baseline 0 -1"><span class='ocrx_word' id='word_1_202' title='bbox 150 2796 323 2803; x_wconf 71' lang='lat'><em>-—..-—</em></span> 
     </span>
    </p>
   </div>
   <div class='ocr_carea' id='block_1_14' title="bbox 149 2868 1014 3246">
    <p class='ocr_par' dir='ltr' id='par_1_14' title="bbox 149 2868 1008 2981">
     <span class='ocr_line' id='line_1_28' title="bbox 150 2868 1008 2920; baseline 0.003 -14"><span class='ocrx_word' id='word_1_203' title='bbox 150 2868 267 2906; x_wconf 79' lang='lat' dir='ltr'>rellexr&#39;ons</span> <span class='ocrx_word' id='word_1_204' title='bbox 275 2879 317 2918; x_wconf 79' lang='lat' dir='ltr'>que</span> <span class='ocrx_word' id='word_1_205' title='bbox 325 2880 380 2907; x_wconf 84' lang='lat' dir='ltr'>nous</span> <span class='ocrx_word' id='word_1_206' title='bbox 390 2871 546 2909; x_wconf 75' lang='lat' dir='ltr'>retrourerons</span> <span class='ocrx_word' id='word_1_207' title='bbox 555 2869 605 2920; x_wconf 86' lang='lat' dir='ltr'>plns</span> <span class='ocrx_word' id='word_1_208' title='bbox 615 2869 659 2908; x_wconf 86' lang='lat' dir='ltr'>loin</span> <span class='ocrx_word' id='word_1_209' title='bbox 669 2880 697 2907; x_wconf 90' lang='lat' dir='ltr'>au</span> <span class='ocrx_word' id='word_1_210' title='bbox 707 2870 806 2920; x_wconf 80' lang='lat' dir='ltr'>chapitre</span> <span class='ocrx_word' id='word_1_211' title='bbox 815 2873 845 2909; x_wconf 77' lang='grc'>44,</span> <span class='ocrx_word' id='word_1_212' title='bbox 855 2869 887 2909; x_wconf 66' lang='grc'>(44.</span> <span class='ocrx_word' id='word_1_213' title='bbox 899 2870 1008 2911; x_wconf 84' lang='lat' dir='ltr'>Conlorm.</span> 
     </span>
     <span class='ocr_line' id='line_1_29' title="bbox 149 2931 804 2981; baseline 0.005 -10"><span class='ocrx_word' id='word_1_214' title='bbox 149 2935 186 2971; x_wconf 80' lang='grc'>476</span> <span class='ocrx_word' id='word_1_215' title='bbox 198 2943 211 2970; x_wconf 85' lang='grc'>3</span> <span class='ocrx_word' id='word_1_216' title='bbox 223 2935 241 2979; x_wconf 74' lang='grc'>4,</span> <span class='ocrx_word' id='word_1_217' title='bbox 253 2931 287 2971; x_wconf 84' lang='lat' dir='ltr'>e&#39;d.</span> <span class='ocrx_word' id='word_1_218' title='bbox 300 2934 360 2980; x_wconf 75' lang='grc' dir='ltr'>454ος</span> <span class='ocrx_word' id='word_1_219' title='bbox 373 2935 407 2971; x_wconf 78' lang='grc'>457</span> <span class='ocrx_word' id='word_1_220' title='bbox 421 2944 434 2971; x_wconf 84' lang='grc'>3</span> <span class='ocrx_word' id='word_1_221' title='bbox 444 2935 462 2980; x_wconf 77' lang='grc'>4,</span> <span class='ocrx_word' id='word_1_222' title='bbox 476 2933 510 2971; x_wconf 78' lang='lat' dir='ltr'>ed.</span> <span class='ocrx_word' id='word_1_223' title='bbox 524 2936 583 2981; x_wconf 66' lang='lat'>‘15‘133</span> <span class='ocrx_word' id='word_1_224' title='bbox 597 2936 632 2972; x_wconf 90' lang='grc'>447</span> <span class='ocrx_word' id='word_1_225' title='bbox 642 2933 656 2972; x_wconf 83' lang='lat' dir='ltr'><strong>h</strong></span> <span class='ocrx_word' id='word_1_226' title='bbox 669 2936 686 2981; x_wconf 80' lang='grc'>4,</span> <span class='ocrx_word' id='word_1_227' title='bbox 701 2934 734 2974; x_wconf 82' lang='lat' dir='ltr'>e&#39;d.</span> <span class='ocrx_word' id='word_1_228' title='bbox 748 2937 804 2974; x_wconf 70' lang='lat'>1590.</span> 
     </span>
    </p>

    <p class='ocr_par' dir='ltr' id='par_1_15' title="bbox 175 2996 693 3049">
     <span class='ocr_line' id='line_1_30' title="bbox 175 2996 693 3049; baseline 0.006 -15"><span class='ocrx_word' id='word_1_229' title='bbox 175 2996 319 3046; x_wconf 84' lang='lat' dir='ltr'>Rapprooher</span> <span class='ocrx_word' id='word_1_230' title='bbox 329 2997 356 3036; x_wconf 87' lang='lat' dir='ltr'>de</span> <span class='ocrx_word' id='word_1_231' title='bbox 368 2999 412 3036; x_wconf 83' lang='lat' dir='ltr'>oeci</span> <span class='ocrx_word' id='word_1_232' title='bbox 425 2998 457 3036; x_wconf 80' lang='lat' dir='ltr'>les</span> <span class='ocrx_word' id='word_1_233' title='bbox 470 2998 582 3049; x_wconf 76' lang='lat' dir='ltr'>cnapmes</span> <span class='ocrx_word' id='word_1_234' title='bbox 595 3001 617 3037; x_wconf 92' lang='grc'>47</span> <span class='ocrx_word' id='word_1_235' title='bbox 631 3000 652 3037; x_wconf 88' lang='lat' dir='ltr'>et</span> <span class='ocrx_word' id='word_1_236' title='bbox 664 3002 693 3037; x_wconf 79' lang='grc'>97.</span> 
     </span>
    </p>

    <p class='ocr_par' dir='ltr' id='par_1_16' title="bbox 149 3060 1014 3246">
     <span class='ocr_line' id='line_1_31' title="bbox 175 3060 1012 3114; baseline 0.007 -15"><span class='ocrx_word' id='word_1_237' title='bbox 175 3063 191 3100; x_wconf 93' lang='grc'>4.</span> <span class='ocrx_word' id='word_1_238' title='bbox 206 3064 217 3099; x_wconf 86' lang='grc'>4</span> <span class='ocrx_word' id='word_1_239' title='bbox 230 3060 276 3101; x_wconf 80' lang='lat' dir='ltr'>Cel,</span> <span class='ocrx_word' id='word_1_240' title='bbox 295 3066 313 3109; x_wconf 66' lang='lat'>3,</span> <span class='ocrx_word' id='word_1_241' title='bbox 327 3066 350 3101; x_wconf 81' lang='lat'>30</span> <span class='ocrx_word' id='word_1_242' title='bbox 368 3064 441 3110; x_wconf 84' lang='lat' dir='ltr'>ajoute</span> <span class='ocrx_word' id='word_1_243' title='bbox 458 3064 485 3101; x_wconf 84' lang='lat' dir='ltr'>ici</span> <span class='ocrx_word' id='word_1_244' title='bbox 504 3063 561 3102; x_wconf 80' lang='lat' dir='ltr'>deux</span> <span class='ocrx_word' id='word_1_245' title='bbox 579 3063 675 3103; x_wconf 81' lang='lat' dir='ltr'>details:</span> <span class='ocrx_word' id='word_1_246' title='bbox 693 3075 736 3114; x_wconf 80' lang='lat' dir='ltr'>qne</span> <span class='ocrx_word' id='word_1_247' title='bbox 748 3065 768 3103; x_wconf 87' lang='lat' dir='ltr'>le</span> <span class='ocrx_word' id='word_1_248' title='bbox 786 3067 890 3104; x_wconf 83' lang='lat' dir='ltr'>manteau</span> <span class='ocrx_word' id='word_1_249' title='bbox 907 3067 966 3105; x_wconf 71' lang='lat' dir='ltr'>avait</span> <span class='ocrx_word' id='word_1_250' title='bbox 978 3067 1012 3105; x_wconf 82' lang='lat' dir='ltr'>e‘te</span> 
     </span>
     <span class='ocr_line' id='line_1_32' title="bbox 149 3126 1014 3179; baseline 0.006 -15"><span class='ocrx_word' id='word_1_251' title='bbox 149 3126 222 3165; x_wconf 77' lang='lat' dir='ltr'>(lonne&#39;</span> <span class='ocrx_word' id='word_1_252' title='bbox 236 3137 277 3176; x_wconf 89' lang='lat' dir='ltr'>par</span> <span class='ocrx_word' id='word_1_253' title='bbox 290 3138 320 3164; x_wconf 92' lang='lat' dir='ltr'>un</span> <span class='ocrx_word' id='word_1_254' title='bbox 337 3127 426 3178; x_wconf 74' lang='lat' dir='ltr'>quidam</span> <span class='ocrx_word' id='word_1_255' title='bbox 443 3127 578 3177; x_wconf 75' lang='lat' dir='ltr'>prurlinns</span> <span class='ocrx_word' id='word_1_256' title='bbox 591 3131 612 3167; x_wconf 88' lang='lat' dir='ltr'>et</span> <span class='ocrx_word' id='word_1_257' title='bbox 630 3139 672 3179; x_wconf 84' lang='lat' dir='ltr'>que</span> <span class='ocrx_word' id='word_1_258' title='bbox 685 3131 744 3168; x_wconf 74' lang='lat' dir='ltr'>saint</span> <span class='ocrx_word' id='word_1_259' title='bbox 755 3130 861 3177; x_wconf 67' lang='lat' dir='ltr'>Francois</span> <span class='ocrx_word' id='word_1_260' title='bbox 877 3140 900 3168; x_wconf 84' lang='lat' dir='ltr'>se</span> <span class='ocrx_word' id='word_1_261' title='bbox 916 3131 1014 3169; x_wconf 77' lang='lat' dir='ltr'>trouvait</span> 
     </span>
     <span class='ocr_line' id='line_1_33' title="bbox 150 3191 1013 3246; baseline 0.007 -18"><span class='ocrx_word' id='word_1_262' title='bbox 150 3191 209 3229; x_wconf 87' lang='lat' dir='ltr'>alors</span> <span class='ocrx_word' id='word_1_263' title='bbox 222 3201 251 3228; x_wconf 85' lang='lat' dir='ltr'>au</span> <span class='ocrx_word' id='word_1_264' title='bbox 263 3191 336 3241; x_wconf 85' lang='lat' dir='ltr'>palais</span> <span class='ocrx_word' id='word_1_265' title='bbox 347 3192 374 3230; x_wconf 87' lang='lat' dir='ltr'>de</span> <span class='ocrx_word' id='word_1_266' title='bbox 385 3192 483 3242; x_wconf 77' lang='lat' dir='ltr'>l‘eroque</span> <span class='ocrx_word' id='word_1_267' title='bbox 495 3192 534 3232; x_wconf 82' lang='lat' dir='ltr'>des</span> <span class='ocrx_word' id='word_1_268' title='bbox 545 3194 637 3231; x_wconf 85' lang='lat' dir='ltr'>Marses.</span> <span class='ocrx_word' id='word_1_269' title='bbox 650 3193 704 3232; x_wconf 80' lang='lat' dir='ltr'>Rien</span> <span class='ocrx_word' id='word_1_270' title='bbox 717 3194 844 3233; x_wconf 77' lang='lat' dir='ltr'>d&#39;etonnant</span> <span class='ocrx_word' id='word_1_271' title='bbox 857 3194 869 3232; x_wconf 80' lang='lat' dir='ltr'>a</span> <span class='ocrx_word' id='word_1_272' title='bbox 882 3205 906 3233; x_wconf 90' lang='lat' dir='ltr'>ce</span> <span class='ocrx_word' id='word_1_273' title='bbox 917 3195 969 3246; x_wconf 68' lang='lat' dir='ltr'>qu‘il</span> <span class='ocrx_word' id='word_1_274' title='bbox 982 3196 1013 3234; x_wconf 85' lang='lat' dir='ltr'>ait</span> 
     </span>
    </p>
   </div>
   <div class='ocr_carea' id='block_1_15' title="bbox 83 3255 1012 3310">
    <p class='ocr_par' dir='ltr' id='par_1_17' title="bbox 83 3255 1012 3310">
     <span class='ocr_line' id='line_1_34' title="bbox 83 3255 1012 3310; baseline 0.006 -18"><span class='ocrx_word' id='word_1_275' title='bbox 83 3288 86 3291; x_wconf 87' lang='lat'>.</span> <span class='ocrx_word' id='word_1_276' title='bbox 149 3267 179 3306; x_wconf 89' lang='lat' dir='ltr'>pu</span> <span class='ocrx_word' id='word_1_277' title='bbox 192 3256 254 3293; x_wconf 76' lang='lat' dir='ltr'>avoir</span> <span class='ocrx_word' id='word_1_278' title='bbox 270 3255 309 3293; x_wconf 85' lang='lat' dir='ltr'>des</span> <span class='ocrx_word' id='word_1_279' title='bbox 328 3258 517 3306; x_wconf 78' lang='lat' dir='ltr'>rensctgnemonts</span> <span class='ocrx_word' id='word_1_280' title='bbox 535 3259 640 3308; x_wconf 77' lang='lat' dir='ltr'>speoiaux</span> <span class='ocrx_word' id='word_1_281' title='bbox 659 3269 697 3296; x_wconf 87' lang='lat' dir='ltr'>sur</span> <span class='ocrx_word' id='word_1_282' title='bbox 710 3270 740 3297; x_wconf 90' lang='lat' dir='ltr'>un</span> <span class='ocrx_word' id='word_1_283' title='bbox 756 3259 795 3297; x_wconf 83' lang='lat' dir='ltr'>fait</span> <span class='ocrx_word' id='word_1_284' title='bbox 806 3260 843 3309; x_wconf 85' lang='lat' dir='ltr'>qui</span> <span class='ocrx_word' id='word_1_285' title='bbox 858 3260 930 3299; x_wconf 75' lang='lat' dir='ltr'>s&#39;etait</span> <span class='ocrx_word' id='word_1_286' title='bbox 945 3262 1012 3310; x_wconf 80' lang='lat' dir='ltr'>passe</span> 
     </span>
    </p>
   </div>
   <div class='ocr_carea' id='block_1_16' title="bbox 150 3320 1010 3376">
    <p class='ocr_par' dir='ltr' id='par_1_18' title="bbox 150 3320 1010 3376">
     <span class='ocr_line' id='line_1_35' title="bbox 150 3320 1010 3376; baseline 0.006 -18"><span class='ocrx_word' id='word_1_287' title='bbox 150 3320 205 3359; x_wconf 81' lang='lat' dir='ltr'>[lans</span> <span class='ocrx_word' id='word_1_288' title='bbox 219 3331 244 3359; x_wconf 85' lang='lat' dir='ltr'>sa</span> <span class='ocrx_word' id='word_1_289' title='bbox 253 3321 294 3359; x_wconf 78' lang='lat' dir='ltr'>cite</span> <span class='ocrx_word' id='word_1_290' title='bbox 307 3322 387 3361; x_wconf 83' lang='lat' dir='ltr'>natale.</span> <span class='ocrx_word' id='word_1_291' title='bbox 400 3322 459 3362; x_wconf 88' lang='lat' dir='ltr'>Pour</span> <span class='ocrx_word' id='word_1_292' title='bbox 470 3324 517 3362; x_wconf 88' lang='lat' dir='ltr'>tout</span> <span class='ocrx_word' id='word_1_293' title='bbox 527 3323 547 3362; x_wconf 87' lang='lat' dir='ltr'>le</span> <span class='ocrx_word' id='word_1_294' title='bbox 558 3325 623 3371; x_wconf 76' lang='lat' dir='ltr'>reste,</span> <span class='ocrx_word' id='word_1_295' title='bbox 637 3323 651 3361; x_wconf 85' lang='lat' dir='ltr'>il</span> <span class='ocrx_word' id='word_1_296' title='bbox 664 3324 707 3362; x_wconf 83' lang='lat' dir='ltr'>suit</span> <span class='ocrx_word' id='word_1_297' title='bbox 718 3334 758 3375; x_wconf 85' lang='lat' dir='ltr'>pas</span> <span class='ocrx_word' id='word_1_298' title='bbox 771 3324 784 3363; x_wconf 77' lang='lat' dir='ltr'>a</span> <span class='ocrx_word' id='word_1_299' title='bbox 796 3324 868 3375; x_wconf 81' lang='lat' dir='ltr'>pasto</span> <span class='ocrx_word' id='word_1_300' title='bbox 880 3324 944 3375; x_wconf 81' lang='lat' dir='ltr'>Spec.</span> <span class='ocrx_word' id='word_1_301' title='bbox 956 3324 1010 3376; x_wconf 80' lang='lat' dir='ltr'>perf.</span> 
     </span>
    </p>
   </div>
   <div class='ocr_carea' id='block_1_17' title="bbox 1057 3265 1082 3300">
    <p class='ocr_par' dir='ltr' id='par_1_19' title="bbox 1057 3265 1082 3300">
     <span class='ocr_line' id='line_1_36' title="bbox 1057 3265 1082 3300; baseline 0 0"><span class='ocrx_word' id='word_1_302' title='bbox 1057 3265 1082 3300; x_wconf 83' lang='lat'>35</span> 
     </span>
    </p>
   </div>
   <div class='ocr_carea' id='block_1_18' title="bbox 0 0 1172 3674">
    <p class='ocr_par' dir='ltr' id='par_1_20' title="bbox 0 0 1172 3674">
     <span class='ocr_line' id='line_1_37' title="bbox 0 0 1172 3674; baseline 0 0"><span class='ocrx_word' id='word_1_303' title='bbox 0 0 1172 3674; x_wconf 95' lang='lat' dir='ltr'> </span> 
     </span>
    </p>
   </div>
  </div>
 </body>
</html>
