2335 3674
206 232 258 284 256
414 226 418 234 ⁴
495 232 585 283 iruna
608 233 742 284 sricraiu

189 367 320 439 congnita
335 365 391 420 tuis
407 366 461 438 piis
475 367 621 421 desideriis
639 368 764 421 securius
777 387 940 421 annuamus.
956 368 1052 422 Omni-

188 453 309 525 potentis
326 462 418 506 autom
434 452 478 505 dei
494 453 613 506 l'amnlus
624 462 712 507 totum
724 474 753 507 se
767 455 910 508 conserens
924 455 959 508 ad
971 474 1053 508 oran-

189 540 254 592 dum
269 539 397 611 preeibus
415 539 522 593 devotis
535 540 653 593 obtinuit
670 549 696 593 et
708 541 774 613 quid
784 541 906 594 exterius
918 541 1054 613 proferret

191 635 217 679 et
230 626 295 699 quid
308 627 425 680 interius
437 646 510 699 papa
527 627 651 680 sentiret.
667 628 741 698 Quid
757 628 845 699 plura.
865 628 959 681 audita
975 648 1053 700 para·
1123 667 1124 671 ,

189 713 254 766 bula
270 713 303 766 do
324 732 391 784 rege
412 732 472 765 enm
489 713 603 766 muliere
622 714 744 766 sormo'sa
760 722 792 767 et,
802 734 923 786 paupere
945 723 1054 767 eontra-

191 799 271 851 lrente
285 807 311 851 et
323 799 399 870 prole
413 799 563 852 subsecuta
571 808 598 852 et
611 808 675 871 post
683 799 819 852 visionem
832 820 845 852 a
857 800 914 853 eelo
926 800 1054 853 intuitam

190 905 207 957 p
212 885 278 938 rimo
291 885 323 938 do
337 885 447 938 sublimi
457 885 548 957 palma
558 885 587 953 {1⁷⁰
598 889 613 939 5
623 905 648 948 a,
658 888 690 940 la
700 893 724 952 a]
735 887 850 958 pauperi
860 906 889 940 se
900 887 1055 940 humilianti

192 973 312 1026 seeundo
329 973 362 1024 de
378 973 546 1025 lateranensi
567 973 684 1025 (eeclesia
702 974 826 1044 proxime
839 975 897 1045 jam
913 974 991 1026 ruine
1006 992 1055 1044 per

192 1060 337 1130 quenulam
353 1078 502 1129 pauperem
523 1059 698 1112 substontata
719 1060 830 1112 vocarit
846 1059 1012 1112 Franoiseus
1029 1067 1056 1112 et

191 1147 290 1197 devote
306 1145 403 1197 <ln-isti
415 1144 536 1197 vioarius
550 1145 626 1197 dixit.
642 1145 772 1198 Potitioni
783 1155 829 1198 tue
842 1164 892 1198 nos
905 1165 954 1216 per
965 1145 1056 1198 onmia
1100 1174 1103 1180 1

190 1231 339 1283 inclinatus
365 1231 505 1301 postulata
529 1231 704 1283 concedimus
728 1232 913 1302 approlmmns
930 1232 1056 1302 regulam

192 1318 289 1369 damus
311 1317 344 1368 de
360 1316 512 1387 punitentia
531 1316 691 1387 predicamli
707 1318 867 1370 mamlatum
884 1317 973 1369 adhue
992 1336 1056 1369 con-

193 1404 290 1455 cedere
315 1402 394 1474 plura
415 1401 600 1473 promittimus
623 1411 649 1455 et
671 1411 698 1455 to
715 1412 742 1455 et
764 1412 828 1455 tuos
851 1403 922 1455 filios
947 1402 1056 1474 spetiali

193 1508 286 1541 amore
311 1497 338 1541 et
360 1488 492 1559 precipua
515 1488 660 1541 devotione
685 1489 800 1560 diligere
825 1490 958 1560 cogimur.
987 1490 1057 1543 Cum

194 1584 285 1628 autem
301 1575 432 1627 dilaetato
447 1574 502 1626 iam
519 1575 614 1627 ordine
626 1576 738 1627 vivendi
754 1576 869 1627 lerinam
885 1595 933 1646 per
949 1575 1057 1646 prodie-
1101 1599 1128 1624 ιτ.

193 1671 251 1714 tum
268 1661 407 1714 dominum
423 1661 604 1731 adprobatam
627 1660 765 1732 disposuit
780 1661 808 1713 in
827 1670 989 1733 perpetuum
1009 1681 1057 1732 per

195 1766 385 1800 successorem
396 1748 484 1818 ipsius
502 1747 640 1800 dominum
657 1747 801 1799 honorium
814 1748 1055 1801 l‘aeoremoborari.

195 1837 220 1889 V
222 1835 299 1886 olens
313 1852 379 1905 ergo
397 1834 611 1886 erudirmamlam
631 1833 756 1906 regulam
769 1853 801 1886 ex
813 1834 960 1886 verborum
977 1852 1058 1905 agro-

196 1920 307 1992 gatione
324 1919 462 1991 euangelii
481 1920 621 1990 prolusius
637 1919 769 1972 traditam
785 1920 820 1972 ad
840 1920 1058 1991 compendiosio-

196 2025 253 2058 rem
269 2007 385 2058 formam
405 2006 532 2077 redigere
549 2006 625 2058 iuxta
642 2006 765 2057 diuinum
782 2006 834 2058 sibi
852 2006 1012 2059 mandatum
1026 2006 1058 2058 de
1102 2037 1130 2059 1·

195 2092 289 2144 multis
305 2092 383 2144 minis
400 2111 483 2144 unam
499 2092 618 2144 bostiam
635 2091 735 2144 faeere.
755 2093 799 2144 nd
815 2092 986 2163 provinciam
1002 2112 1059 2144 rea-

195 2178 281 2232 tinam
307 2179 425 2232 aooessit
447 2179 613 2250 impluturus
635 2179 708 2251 quod
733 2187 823 2231 mente
836 2186 1009 2250 roueoperat
1031 2178 1060 2230 in

197 2265 290 2318 divina
316 2266 423 2318 risione
450 2274 476 2318 et
499 2266 629 2324 mandato
657 2273 684 2317 et
711 2265 820 2318 domino
848 2265 901 2318 sibi
931 2265 1059 2336 loquente

197 2352 345 2404 Francisoe
360 2351 432 2404 vado
454 2360 481 2404 et
503 2350 600 2404 secede
620 2368 656 2402 XL
681 2350 787 2403 dierum
812 2369 924 2403 numero
946 2350 974 2402 in
1000 2350 1059 2401 loeo

198 2438 308 2490 deserto
329 2457 409 2509 quem
428 2446 619 2490 monstravero
636 2437 687 2490 tibi
703 2446 730 2489 et
742 2438 822 2508 juxta
840 2437 955 2490 verlium
970 2439 1060 2489 meum
1105 2455 1132 2487 ⁶:-

198 2524 270 2595 qnod
282 2524 380 2595 loquar
392 2524 427 2576 ad
438 2532 476 2587 te,
491 2523 633 2577 ordinabis
646 2524 771 2594 regulam
783 2533 858 2575 tuam
872 2531 898 2575 et
911 2522 1061 2575 secundum

198 2610 271 2682 quod
290 2610 416 2681 postulas
434 2610 531 2663 breuia
551 2609 625 2662 clara
641 2618 668 2661 at
690 2618 765 2662 corta
781 2609 902 2662 remedia
923 2608 994 2662 dabo
1010 2608 1061 2661 tibi

198 2716 250 2768 que
270 2716 376 2768 ponens
398 2697 426 2748 in
449 2716 481 2749 ea
509 2696 659 2749 seeundum
685 2695 888 2766 beneplacitum
909 2694 1061 2747 voluntatis

198 2802 266 2835 mee.
283 2786 340 2835 lsta
361 2791 453 2836 autem
468 2783 542 2835 faeta
559 2791 623 2835 sunt
641 2790 802 2853 antequam
823 2781 932 2834 eederet
951 2780 1061 2832 omnino

199 2868 316 2922 offioinm
341 2869 487 2922 ministerii
515 2868 568 2921 sibi
595 2869 623 2920 in
652 2868 791 2920 dominum
817 2875 930 2920 vacaret
957 2867 1061 2921 Volens
1106 2886 1133 2918 a·

199 2964 347 3027 antequam
366 2955 501 3008 ministris
524 2955 648 3027 regimen
670 2954 748 3006 daret
768 2953 931 3025 religionem
950 2952 1062 3024 religio-

199 3042 243 3094 nis
260 3041 328 3111 (sio).
356 3043 392 3094 Et
408 3041 561 3112 assumptis
584 3059 677 3093 seeum
701 3039 808 3093 duobus
831 3039 964 3092 fratribus
989 3039 1063 3091 seili-

200 3136 242 3181 oet
267 3128 345 3180 leone
372 3128 405 3180 de
434 3127 536 3180 assisio
564 3135 590 3179 et
617 3126 715 3180 boniso
745 3126 777 3179 do
804 3126 934 3190 bononia,
964 3125 1064 3196 spiritu

201 3222 297 3267 saneto
325 3214 441 3267 dnoente
467 3214 495 3265 in
520 3212 658 3285 quandam
680 3220 801 3265 montem
824 3212 949 3264 aseendit
975 3211 1020 3282 qui
1048 3229 1064 3263 a

202 3300 313 3353 civitate
339 3300 456 3353 Reatina
484 3300 541 3352 lere
569 3299 675 3352 duobus
704 3298 858 3351 miliaribus
882 3297 976 3351 distat.
1007 3299 1063 3350 lste
