2252 3702
436 262 472 296 nu
494 235 631 296 mmmmm
654 246 667 296 l

123 635 165 679 De
191 629 406 685 compositione
432 640 452 674 a
475 630 566 673 heato
588 629 753 674 Franciseo
780 630 809 673 et
835 630 984 683 approba-

132 768 134 771 ·
169 710 251 756 tione
277 710 307 754 et
329 707 556 753 confirmatione
581 709 685 762 regule
705 718 760 762 per
778 709 879 752 sedem
897 718 985 762 apos-

169 789 304 835 tolicam.
325 784 390 845 Gap.
409 783 432 831 2.

158 1038 249 1103 [Fron
257 1036 326 1089 alias
339 1039 370 1089 lt
379 1036 416 1100 hl.
428 1036 578 1107 Regressis
588 1054 655 1107 ergo
665 1036 797 1088 iratribus
809 1055 878 1107 quos
887 1037 985 1089 beatus

122 1133 201 1195 pater
211 1122 377 1176 Franciseus
388 1141 437 1193 per
446 1131 563 1194 quatuor
572 1131 666 1193 partes
677 1121 771 1173 mundi
782 1122 896 1175 miserat
905 1123 985 1175 binos

122 1229 154 1262 ac
169 1210 249 1262 binos
267 1217 293 1261 et
305 1208 418 1260 insimul
435 1209 566 1260 miraculo
584 1227 613 1260 se
631 1208 809 1279 congregatis
826 1216 852 1260 et
870 1228 986 1261 cernens

122 1295 218 1349 christi
237 1295 356 1348 larriulus
378 1295 510 1365 paulatim
532 1314 690 1347 accrescere
707 1313 849 1347 munerum
870 1295 987 1347 fratrum

122 1382 234 1453 scripsit
244 1382 297 1434 sibi
310 1390 336 1434 et
344 1381 477 1434 iratribus
488 1381 546 1433 suis
560 1381 730 1451 simplicibus
740 1381 833 1433 verbis
842 1381 987 1434 formulam

120 1469 177 1521 uite
185 1468 302 1540 primam
310 1468 338 1519 in
346 1487 399 1539 qua
409 1467 497 1521 sancti
506 1467 643 1538 euangelii
651 1467 885 1538 observantiapro
892 1469 987 1521 lunda-

121 1563 213 1607 mento
221 1553 408 1607 indissolubili
419 1554 553 1606 collocata
561 1552 678 1624 quedam
689 1553 799 1625 quidem
808 1554 862 1606 alia
871 1555 988 1607 inseruit

122 1660 174 1712 que
185 1641 220 1694 ad
228 1640 391 1693 uniformem
399 1640 511 1693 vivendi
520 1639 630 1692 modum
641 1640 801 1692 necessaria
809 1639 985 1693 videbantur.

123 1727 294 1801 Desiderans
316 1734 408 1778 autem
430 1745 479 1797 per
500 1744 635 1778 sumntum
657 1725 814 1796 pontificem
839 1726 988 1797 adprobari

123 1832 174 1884 que
192 1813 343 1884 scripserat
360 1811 498 1883 disposuit
516 1830 576 1863 cum
592 1811 638 1864 illo
652 1811 816 1882 simplicium
829 1821 890 1864 cetu
906 1832 988 1883 apos-

122 1898 203 1951 tolice
221 1898 295 1951 sedis
309 1897 385 1950 adire
401 1897 570 1969 presentiam
583 1897 616 1949 de
629 1898 689 1950 sola
701 1897 822 1950 conlisus
835 1897 989 1970 direptione

71 2006 79 2013 ·
124 1984 218 2037 diuina
234 1993 260 2036 et
271 1978 409 2054 vfratribus
424 1984 482 2036 suis
494 1983 523 2035 in
536 1983 644 2035 domino
657 1983 818 2036 confortatis
836 2003 895 2037 eum
909 1985 989 2037 sotiis

124 2079 166 2122 est
182 2070 234 2123 iter
251 2083 396 2141 agressus.
416 2071 486 2124 Cum
502 2078 593 2122 autem
606 2069 641 2122 ad
653 2088 795 2122 romanam
807 2071 911 2123 curiam
926 2090 989 2142 per-

123 2148 248 2209 venisset
265 2165 291 2209 et
307 2155 481 2208 introductus
506 2163 580 2208 esset
602 2164 665 2208 ante
689 2164 867 2226 conspectum
891 2157 990 2209 summi

123 2243 261 2313 prmtificis
285 2241 411 2313 exposuit
427 2242 599 2313 propositum
620 2250 718 2311 petens
734 2242 873 2294 humiliter
890 2252 916 2295 et
932 2243 990 2295 ins-

123 2337 215 2381 tanter
232 2328 420 2400 supradictam
436 2327 548 2379 vivendi
564 2328 689 2398 regulam
706 2328 864 2399 approbari.
882 2329 989 2383 Videris

125 2422 217 2471 autem
233 2414 330 2467 eluisti
346 2414 467 2467 vicarius
485 2413 611 2466 dominus
627 2413 801 2466 innocentius
819 2416 858 2467 lll
875 2415 918 2467 uir
935 2415 990 2468 uti-

125 2520 177 2571 que
195 2501 331 2572 sapientia
352 2500 443 2552 clarus
460 2499 650 2553 admiramlam
666 2501 694 2551 in
713 2500 773 2552 uiro
796 2500 839 2552 dei
856 2501 989 2573 simplicis

125 2587 209 2639 animi
240 2587 389 2658 puritatem
418 2586 553 2658 propositi
583 2587 767 2639 constantiam
794 2587 990 2659 ingrutumrpre

117 2673 277 2726 uoluntatis
304 2681 399 2726 sancte
424 2674 561 2726 servorem
580 2672 732 2726 'inclinatus
761 2681 803 2726 est
829 2674 935 2727 animus
961 2683 991 2727 ut

125 2759 200 2829 pium
228 2759 395 2831 supplicanti
421 2759 549 2831 preberet
576 2778 732 2812 assensum.
762 2760 877 2813 Distulit
899 2769 992 2813 tamen

72 2862 80 2878 v·
126 2845 258 2915 perficere
282 2845 355 2918 quod
379 2845 476 2898 christi
498 2845 659 2917 postulabat
678 2846 862 2917 pauperculus
886 2867 936 2918 pro
960 2867 991 2899 eo

126 2933 199 3002 quod
216 2923 354 3004 aliquibus
372 2932 404 2984 dc
421 2932 609 2985 cardinalilms
626 2952 727 2985 nouum
745 2933 848 3004 aliquid
865 2942 891 2986 et
909 2954 992 3005 super

125 3017 200 3071 vires
225 3019 360 3071 humanas
385 3019 507 3071 orridum
527 3018 678 3072 uideretur.
702 3021 738 3072 Et
760 3027 824 3090 post
849 3020 935 3072 multa
959 3020 991 3072 de

126 3104 259 3173 predictis
280 3105 352 3157 inter
376 3105 564 3158 cardinalilms
583 3105 737 3176 proposita,
756 3106 877 3159 vicarius
895 3107 992 3158 christi

128 3208 279 3244 conversus
300 3191 335 3243 ad
356 3210 505 3263 pauperem
528 3191 605 3243 dixit
630 3192 688 3245 Ora
706 3191 745 3243 fili
762 3191 797 3244 ad
813 3192 947 3245 christum
962 3201 993 3244 ut

0 3274 2 3311 s
75 3347 77 3350 Α
129 3295 207 3329 suam
234 3278 313 3331 noltis
338 3297 387 3349 per
409 3286 436 3331 te
460 3278 630 3331 uoluntatem
658 3277 786 3330 ostendat
810 3298 863 3349 qua
890 3279 992 3332 certius
