2252 3702
409 274 531 321 Jaeouns
553 276 588 309 11
609 274 693 309 turni·
916 258 968 310 297

121 392 196 445 (lium
209 399 235 444 et
249 392 392 464 singulare
407 394 546 454 solatium,
559 394 689 465 frequens
702 392 853 446 amicorum
864 412 989 445 meorum

121 477 263 539 memoria,
285 497 401 549 quorum
421 478 555 532 beneficio
573 486 746 532 sustentatur
763 479 878 550 spiritus
898 497 988 543 meus,

121 583 155 616 ne
175 572 296 628 corruat,
319 584 436 636 quorum
452 565 626 618 orationibus
642 573 792 637 vegetatur
808 565 900 618 anima
916 583 987 625 mea,

122 669 155 702 ne
171 649 283 720 penitus
300 650 420 703 deficiat.
439 654 481 704 Ex
496 652 548 704 hac
563 659 656 705 tamen
672 651 829 705 medicinali
845 649 988 714 memoria,

123 737 200 807 cujus
216 736 349 790 beneficio
365 737 483 790 vulnera
495 757 556 790 mea
567 746 712 802 sanantur,
727 737 875 808 aliquando
888 756 990 788 111111

121 822 223 874 vulnus
245 823 322 875 cordi
337 842 397 876 meo
414 823 550 895 infigitur.
570 824 721 877 Crescente
739 823 811 876 enim
832 823 991 875 vehementi

123 908 269 962 afflictione
286 909 350 961 dmn
363 909 480 962 rationis
497 910 587 962 virtus
601 909 765 981 opprimitur
778 918 804 962 et
817 909 988 970 debilitatur,

122 995 196 1048 circa
211 1003 292 1048 notos
309 1003 335 1048 et
354 995 458 1049 amicos
474 1015 550 1048 meos
568 1015 647 1049 mens
663 1015 725 1049 mea
741 995 809 1049 adeo
827 1004 988 1066 occupatur,

122 1089 152 1134 11
167 1081 224 1134 lere
241 1082 332 1134 omnia
354 1081 408 1134 alia
427 1083 456 1134 111
471 1082 585 1135 taedium
608 1089 823 1147 convertantur,
850 1081 990 1152 appetitus

123 1167 267 1232 orationis,
285 1168 454 1221 desiderium
470 1168 597 1221 lectionis
618 1188 651 1221 ex
674 1169 725 1220 hac
748 1167 885 1240 frequenti
908 1166 991 1220 affec-

121 1254 196 1306 tione
212 1254 371 1326 frequenter
387 1254 473 1308 inme
490 1263 670 1307 evacuantur.

160 1342 225 1393 Haec
249 1349 275 1393 et
298 1340 352 1393 hiis
371 1340 472 1394 similia
494 1342 655 1412 frequenter
678 1340 859 1393 considerans
879 1339 990 1411 penitus

123 1424 231 1479 animus
247 1446 325 1480 meus
343 1436 484 1480 corrueret
501 1436 527 1480 et
544 1427 768 1490 conhurderetur,
787 1427 842 1479 nisi
858 1425 991 1479 orationi-

122 1513 175 1566 bus
191 1513 296 1566 restris
315 1513 516 1585 aliquantulum
535 1513 716 1566 relevaretur.
731 1513 866 1565 Dominus
887 1520 989 1576 autem,

58 1623 66 1651 1
123 1607 271 1670 postquam
293 1599 410 1652 anobis
431 1599 546 1663 recessi,
568 1599 663 1651 uinum
680 1606 706 1651 11
722 1599 812 1651 oleum
831 1599 991 1670 frequenter

122 1684 286 1738 vulneribus
299 1685 368 1738 meis
381 1685 481 1738 infudit
498 1687 573 1751 (Luc.
594 1687 630 1750 X,
644 1686 686 1750 34)
704 1685 853 1756 aliquando
865 1684 991 1737 adversi-

122 1770 228 1824 tatibus
242 1779 269 1824 et
280 1770 367 1824 variis
380 1770 607 1825 tribulationibus
620 1790 662 1824 me
675 1771 828 1842 probandO,
843 1770 991 1842 aliquando

124 1857 361 1911 consolationibus
378 1857 538 1911 relevando

160 1943 270 1997 Accidit
292 1944 368 2008 mihi,
394 1963 477 2016 quum
500 1944 634 1996 intrarem
658 1944 893 2016 Longobardiam,
918 1944 991 2015 quod

57 2072 68 2080 .
124 2031 258 2084 Diabolus
271 2050 349 2084 arma
364 2049 434 2095 mea,
453 2030 558 2083 seilicet
574 2030 661 2084 libros
678 2050 765 2090 meos,
781 2030 881 2103 quibus
899 2030 990 2101 ipsum

125 2136 284 2189 expugnare
306 2117 494 2181 decreveram,
520 2136 580 2169 cum
602 2116 664 2169 aliis
688 2117 772 2169 rebus
793 2117 829 2169 ad
851 2136 989 2187 expensas

123 2224 200 2257 meas
217 2202 386 2256 necessariis
402 2203 519 2275 projecit
535 2211 562 2255 et
583 2203 720 2256 subvertit
735 2202 764 2254 111
780 2203 893 2255 fiuvium
907 2203 992 2255 vehe-

124 2299 253 2354 mentem,
276 2290 462 2361 impetuosum
477 2297 503 2342 et
524 2289 687 2343 terribiliter
702 2289 878 2361 profundum,
897 2289 993 2360 quiex

124 2376 293 2430 resolutione
304 2376 378 2428 nivis
388 2376 567 2428 vehementer
576 2384 603 2428 et
614 2395 700 2447 supra
711 2375 822 2428 modum
831 2384 992 2429 excreverat

55 2485 79 2517 ι’
125 2472 152 2517 11
174 2470 273 2535 pontes
294 2482 325 2516 ac
346 2482 415 2515 saxa
437 2482 530 2516 secum
552 2462 692 2516 trahebat.
715 2465 795 2516 Unus
817 2483 850 2515 ex
866 2462 992 2534 cophinis

123 2550 193 2603 meis
209 2550 309 2621 plenus
325 2549 405 2602 libris
422 2549 494 2602 inter
506 2549 596 2602 undas
609 2549 730 2602 fluminis
743 2549 894 2614 serebatur,
909 2549 991 2614 alius,

124 2637 153 2689 in
171 2655 224 2709 quo
243 2636 342 2689 matris
362 2636 556 2701 1111111111
576 2635 608 2688 de
630 2635 758 2707 Oignies,
778 2636 896 2708 digitum
912 2655 993 2707 repo-

125 2722 367 2787 sue1¹an1,muliun
383 2741 473 2775 meum
492 2723 678 2786 sustentabat,
700 2741 733 2774 ne
753 2723 863 2793 penitus
883 2740 993 2794 merge-

125 2817 218 2874 retur,
243 2828 327 2881 quum
347 2817 438 2861 autem
455 2808 488 2861 de
508 2807 581 2860 mille
596 2808 644 2860 vix
659 2828 731 2861 unus
747 2816 844 2879 posset
863 2808 991 2873 eradere,

56 2938 62 2946 „
124 2896 215 2948 mulus
228 2886 305 2948 meus
320 2914 381 2947 cum
393 2894 511 2966 cophino
525 2913 610 2947 sanus
624 2894 659 2947 ad
673 2894 762 2966 ripam
779 2895 906 2959 devenit,
922 2895 993 2949 alius

125 2990 217 3035 autem
245 2981 391 3053 cophinus,
425 2980 592 3053 quibusdam
619 2980 767 3033 arboribus
798 2981 992 3047 retinentibus,

124 3075 223 3140 postea
238 3067 404 3121 mirabiliter
420 3075 549 3139 repertus
567 3074 619 3133 est,
635 3075 670 3132 et,
686 3067 759 3139 quod
771 3067 926 3121 mirabilius
940 3077 992 3134 est,

98 3149 100 3151 ’
124 3154 189 3207 licet
218 3154 283 3208 libri
313 3154 367 3207 mei
394 3153 597 3225 aliquantulum
628 3153 770 3207 obscurati
798 3154 863 3219 sint,
891 3154 994 3226 ubique

124 3248 218 3294 tamen
233 3240 328 3312 legere
341 3259 467 3311 possum.

162 3329 230 3380 Post
249 3327 301 3380 hoc
316 3345 383 3379 vero
402 3326 466 3380 veni
489 3326 517 3379 in
541 3325 680 3380 civitatem
697 3327 843 3399 quamdam
859 3327 995 3382 Mediola-
