2292 3674
165 272 224 307 XCII
393 272 541 307 SPECULUM
561 273 766 308 PERFECTIONIS

174 395 204 429 60.
220 393 252 430 De
264 393 350 430 risione
360 392 435 430 fratris
448 392 539 431 Pacifici
552 403 619 443 quam
630 393 685 431 vidit
697 394 718 430 el
731 392 814 431 audivit
829 391 903 431 sedem
916 391 1011 431 Luciferi

144 457 258 494 reservari
271 456 347 494 bunrili
360 457 487 495 Franciseo.

174 525 204 559 63.
219 521 320 567 Qualiter
333 523 446 560 accusarit
455 532 478 560 se
491 523 567 561 statim
580 521 607 560 de
616 523 674 561 rana
685 522 756 571 gloria
769 533 835 573 quam
847 521 924 560 babuit
938 520 1011 560 dando

147 585 318 633 eleemosynam.

174 654 204 688 66.
221 650 322 695 Qualiter
340 650 415 689 deenit
435 651 545 701 quosdam
565 651 644 690 tratres
664 652 746 689 lucrari
765 652 851 689 animas
865 650 1012 701 quorunidam

148 714 260 753 lalrnnnm
270 726 309 765 per
319 716 467 754 bumilitatem
476 719 498 755 et
509 717 632 755 caritatem.

175 781 219 818 ¹1013.
235 780 266 817 De
287 780 324 818 illo
345 782 383 830 qni
403 780 507 830 plorabat
523 791 597 820 coram
615 780 637 819 b.
652 781 771 819 Franciseo
789 782 813 819 nt
831 781 966 830 reciperetur
985 778 1026 817 ad·

149 843 257 882 ordinem.

175 910 219 947 leb.
233 908 334 954 Qualiter
344 909 445 959 praeridit
457 911 565 949 occultam
580 911 724 949 tentationem
735 910 850 957 cniusdam
864 909 947 948 fratris.

176 974 219 1011 lle.
233 972 297 1018 Quod
313 974 384 1012 noluit
403 976 543 1024 exstinguere
561 985 602 1013 nec
618 976 744 1025 permittere
761 974 870 1022 exstingui
888 974 961 1023 ignem
975 973 1012 1023 qni

149 1036 295 1076 comburebat
304 1037 401 1077 brachas
414 1049 474 1077 snas.

150 1228 194 1268 IV.
208 1227 344 1279 ehapttres
364 1228 408 1280 qui
424 1229 587 1282 ¹renfenment
607 1231 652 1271 des
670 1230 726 1271 avis
743 1229 877 1281 spirituels
898 1229 929 1269 de
944 1229 1014 1269 saint

187 1293 313 1346 Franeois
327 1294 475 1345 &chappant
486 1307 534 1346 par
545 1295 602 1335 leur
614 1297 708 1335 nature
720 1295 804 1334 meme
817 1294 832 1335 ἐι
843 1296 905 1334 tout
918 1294 1013 1334 classe-

188 1359 262 1396 ment
272 1358 483 1410 chronologique.

177 1529 195 1562 5.
209 1524 241 1561 De
254 1525 385 1573 paupertate
399 1524 509 1563 servanda
521 1526 543 1563 in
558 1525 627 1573 libris,
641 1525 711 1572 lectis,
725 1524 823 1564 aediliciis
838 1526 859 1563 et
872 1525 1014 1563 utensilibus.

177 1591 208 1626 lt.
222 1588 286 1633 Quod
299 1588 417 1639 reputabat
432 1589 514 1627 l‘ni'tnm
527 1591 642 1640 acquirere
655 1590 806 1639 eleemosynas
820 1589 855 1628 rel
867 1591 899 1627 uti
912 1591 944 1628 eis
956 1590 1016 1628 ultra

152 1653 313 1691 necessitatem.

178 1720 209 1756 15.
223 1718 255 1755 De
264 1717 355 1755 vitanda
369 1718 460 1756 mollitie
469 1720 490 1757 et
503 1718 644 1757 mullitudine
653 1720 778 1757 tunicarum
789 1721 810 1757 el
821 1717 924 1756 habenda
933 1720 1016 1768 patien-

153 1783 184 1819 tia
194 1783 216 1820 in
229 1781 337 1820 adversis.
720 1779 721 1782 ’

177 1850 208 1885 tt.
223 1846 287 1892 Quod
300 1847 413 1886 humiliter
429 1848 560 1898 acquirebat
572 1859 651 1887 carnes
664 1859 703 1899 pro
718 1848 811 1886 infirmis
828 1849 848 1886 et
862 1847 965 1886 moriebat
978 1858 1015 1886 ees

151 1922 202 1950 esse
212 1913 330 1962 patientes.

177 1980 208 2014 li.
223 1977 254 2014 De
265 1976 361 2025 perlecto
375 1976 440 2015 modo
453 1977 571 2016 obediendi
585 1989 650 2028 quem
665 1977 768 2016 docebat.

178 2044 209 2079 te.
224 2041 324 2086 Qualiter
343 2041 475 2080 assimilarit
490 2042 611 2092 perlectum
630 2042 768 2081 obedientem
782 2042 822 2080 sub
840 2041 911 2090 ligura
928 2043 1016 2092 corpori

154 2109 247 2145 mortno.

178 2173 209 2209 te.
224 2170 288 2216 Quod
304 2170 453 2220 periculosum
470 2173 504 2209 est
517 2172 560 2210 cito
576 2173 697 2222 praecipere
711 2182 751 2221 per
763 2171 912 2211 obedientiam
925 2173 946 2210 et
961 2181 1017 2221 prae·

150 2237 217 2285 cepto
229 2234 360 2273 olredientim
373 2246 416 2273 non
429 2235 527 2275 obedire.

179 2302 209 2338 al.
223 2300 255 2338 De
266 2299 331 2338 modo
341 2311 407 2350 quem
419 2300 526 2339 tenebant
536 2302 586 2339 tune
595 2301 676 2340 iratres
687 2301 709 2338 in
718 2300 882 2340 reconciliando
892 2311 914 2339 se
924 2301 1017 2339 invicem

151 2364 243 2414 quando
256 2375 314 2402 unus
327 2363 433 2403 turbabat
444 2365 520 2404 alium.

179 2433 208 2467 al.
224 2430 256 2467 De
269 2429 393 2468 bumilitate
405 2431 426 2467 et
436 2440 491 2479 paee
503 2429 605 2469 habenda
617 2442 666 2469 eum
678 2430 771 2469 clericis.

179 2498 210 2532 bb.
224 2494 324 2539 Qualiter
337 2495 447 2545 praesciril
457 2497 478 2532 et
487 2494 588 2545 praedixit
597 2495 656 2546 quod
666 2496 758 2534 seientia
765 2494 861 2533 debebat
871 2505 920 2533 esse
930 2494 1018 2533 occasio

154 2560 221 2597 ruinae
235 2558 319 2597 ordinis
334 2561 355 2597 et
371 2559 467 2609 qualiter
478 2558 594 2609 probibuit
609 2571 677 2598 unum
694 2561 804 2598 sociorum
821 2570 848 2597 ne
866 2560 931 2597 nitriis
946 2560 1018 2597 inten-

151 2623 216 2662 deret
227 2623 300 2662 studio
315 2624 487 2673 predicationis.

180 2691 210 2727 70.
225 2687 289 2734 Quod
300 2690 398 2738 tempore
412 2688 562 2728 trilurlationis
573 2688 651 2728 futura.
664 2690 700 2740 qui
716 2688 830 2727 intralurnt
842 2688 942 2727 ordinem
955 2690 1019 2727 erunt

153 2752 265 2791 benedicti
279 2755 347 2803 etqui
361 2755 424 2792 erunt
436 2753 525 2803 probati
537 2754 639 2792 meliores
651 2753 853 2804 praedecessoribus
867 2755 920 2791 suis.

180 2820 211 2856 72.
225 2817 289 2862 Quod
305 2816 444 2856 orationibus
459 2820 480 2856 et
492 2818 594 2867 lacrymis
609 2818 725 2856 humilium
741 2820 762 2856 et
780 2818 913 2869 simplicium
926 2817 1019 2856 fratrum

154 2884 312 2920 eenrertuntur
332 2884 409 2920 animae
429 2894 477 2933 qaue
498 2883 601 2922 ridentur
623 2884 722 2922 conuerti
746 2885 837 2933 propter
859 2883 976 2920 scientiam
998 2885 1020 2920 et

154 2946 333 2996 pradicationem
347 2948 449 2987 aliorum.

181 3015 211 3050 73.
225 3011 290 3057 Quod
301 3012 392 3050 volebat
404 3015 425 3050 et
438 3011 532 3050 docebat
544 3012 647 3062 praelatos
659 3014 681 3051 et
693 3011 850 3062 predicatores
863 3010 944 3050 debere
957 3022 1020 3050 exer-

155 3086 205 3114 cere
218 3086 241 3115 se
254 3078 275 3113 in
290 3079 390 3115 oratione
404 3079 426 3115 et
440 3078 462 3114 in
473 3076 579 3127 operibns
590 3077 730 3115 humilitatis.

182 3144 212 3180 75,
226 3140 290 3186 Quod
299 3141 388 3180 uolebat
397 3143 486 3180 omnino
495 3142 555 3192 quod
563 3141 643 3180 iratres
655 3152 730 3181 omnes
739 3141 868 3181 laborarent
879 3140 905 3179 de
917 3141 1019 3180 manibus

156 3208 211 3245 suis.

182 3275 210 3310 76.
228 3270 329 3317 Qualiter
341 3270 449 3310 laudabat
465 3271 627 3321 professionem
644 3271 724 3322 regula
737 3273 758 3309 et
772 3271 861 3310 volebat
873 3270 952 3309 iratres
963 3272 1020 3310 seire

154 3346 205 3374 eam
217 3338 238 3374 et
248 3336 308 3387 loqui
320 3336 347 3375 de
358 3337 384 3375 ea
397 3338 418 3374 et
432 3337 487 3375 mori
499 3346 547 3375 cum
560 3336 593 3375 ea.
