<?xml version="1.0" encoding="UTF-8"?>
<!DOCTYPE html PUBLIC "-//W3C//DTD XHTML 1.0 Transitional//EN"
    "http://www.w3.org/TR/xhtml1/DTD/xhtml1-transitional.dtd">
<html xmlns="http://www.w3.org/1999/xhtml" xml:lang="en" lang="en">
 <head>
  <title>
</title>
<meta http-equiv="Content-Type" content="text/html;charset=utf-8" />
  <meta name='ocr-system' content='tesseract 3.04.00' />
  <meta name='ocr-capabilities' content='ocr_page ocr_carea ocr_par ocr_line ocrx_word'/>
</head>
<body>
  <div class='ocr_page' id='page_1' title='image "./MN42046ucmf_8_0387.png"; bbox 0 0 2252 3702; ppageno 0'>
   <div class='ocr_carea' id='block_1_1' title="bbox 305 253 963 314">
    <p class='ocr_par' dir='ltr' id='par_1_1' title="bbox 305 253 963 314">
     <span class='ocr_line' id='line_1_1' title="bbox 305 253 963 314; baseline 0 -10"><span class='ocrx_word' id='word_1_1' title='bbox 305 269 453 304; x_wconf 73' lang='lat' dir='ltr'>SPECULUM</span> <span class='ocrx_word' id='word_1_2' title='bbox 472 269 674 304; x_wconf 79' lang='lat' dir='ltr'>rnnrnerroms</span> <span class='ocrx_word' id='word_1_3' title='bbox 694 269 722 314; x_wconf 77' lang='lat' dir='ltr'>v,</span> <span class='ocrx_word' id='word_1_4' title='bbox 743 253 778 305; x_wconf 82' lang='grc'>80</span> <span class='ocrx_word' id='word_1_5' title='bbox 913 253 963 304; x_wconf 83' lang='grc'>155</span> 
     </span>
    </p>
   </div>
   <div class='ocr_carea' id='block_1_2' title="bbox 51 387 1016 3046">
    <p class='ocr_par' dir='ltr' id='par_1_2' title="bbox 118 387 984 1322">
     <span class='ocr_line' id='line_1_2' title="bbox 157 387 984 462; baseline 0 -22"><span class='ocrx_word' id='word_1_6' title='bbox 157 413 170 440; x_wconf 72' lang='lat' dir='ltr'>a</span> <span class='ocrx_word' id='word_1_7' title='bbox 191 392 252 443; x_wconf 86' lang='lat' dir='ltr'>Non</span> <span class='ocrx_word' id='word_1_8' title='bbox 269 390 350 443; x_wconf 87' lang='lat' dir='ltr'>debet</span> <span class='ocrx_word' id='word_1_9' title='bbox 366 409 428 443; x_wconf 89' lang='lat' dir='ltr'>esse</span> <span class='ocrx_word' id='word_1_10' title='bbox 445 398 573 462; x_wconf 86' lang='lat' dir='ltr'>acceptor</span> <span class='ocrx_word' id='word_1_11' title='bbox 588 408 770 461; x_wconf 88' lang='lat' dir='ltr'>personarum</span> <span class='ocrx_word' id='word_1_12' title='bbox 782 388 821 441; x_wconf 91' lang='lat' dir='ltr'>ita</span> <span class='ocrx_word' id='word_1_13' title='bbox 838 387 910 460; x_wconf 89' lang='lat' dir='ltr'>quod</span> <span class='ocrx_word' id='word_1_14' title='bbox 926 406 984 440; x_wconf 89' lang='lat' dir='ltr'>non.</span> 
     </span>
     <span class='ocr_line' id='line_1_3' title="bbox 118 475 982 548; baseline -0.002 -20"><span class='ocrx_word' id='word_1_15' title='bbox 118 477 209 530; x_wconf 89' lang='lat' dir='ltr'>minus</span> <span class='ocrx_word' id='word_1_16' title='bbox 226 486 302 530; x_wconf 88' lang='lat' dir='ltr'>curet</span> <span class='ocrx_word' id='word_1_17' title='bbox 324 477 356 530; x_wconf 91' lang='lat' dir='ltr'>de</span> <span class='ocrx_word' id='word_1_18' title='bbox 374 476 544 548; x_wconf 74' lang='lat' dir='ltr'>simplicibus</span> <span class='ocrx_word' id='word_1_19' title='bbox 562 484 588 529; x_wconf 87' lang='lat' dir='ltr'>et</span> <span class='ocrx_word' id='word_1_20' title='bbox 604 476 697 529; x_wconf 89' lang='lat' dir='ltr'>idiotis</span> <span class='ocrx_word' id='word_1_21' title='bbox 716 495 798 548; x_wconf 88' lang='lat' dir='ltr'>quam</span> <span class='ocrx_word' id='word_1_22' title='bbox 814 475 847 527; x_wconf 90' lang='lat' dir='ltr'>de</span> <span class='ocrx_word' id='word_1_23' title='bbox 868 475 982 528; x_wconf 70' lang='lat' dir='ltr'>scienti·</span> 
     </span>
     <span class='ocr_line' id='line_1_4' title="bbox 118 561 984 633; baseline -0.003 -17"><span class='ocrx_word' id='word_1_24' title='bbox 118 563 195 616; x_wconf 65' lang='lat' dir='ltr'>busa</span> <span class='ocrx_word' id='word_1_25' title='bbox 218 571 244 616; x_wconf 89' lang='lat' dir='ltr'>et</span> <span class='ocrx_word' id='word_1_26' title='bbox 261 562 443 633; x_wconf 68' lang='lat' dir='ltr'>sapientibus,</span> <span class='ocrx_word' id='word_1_27' title='bbox 469 563 522 616; x_wconf 88' lang='lat' dir='ltr'>Cui</span> <span class='ocrx_word' id='word_1_28' title='bbox 544 562 567 615; x_wconf 93' lang='lat' dir='ltr'>si</span> <span class='ocrx_word' id='word_1_29' title='bbox 589 563 690 615; x_wconf 90' lang='lat' dir='ltr'>donum</span> <span class='ocrx_word' id='word_1_30' title='bbox 707 561 830 615; x_wconf 76' lang='lat' dir='ltr'>scientiae</span> <span class='ocrx_word' id='word_1_31' title='bbox 852 570 894 614; x_wconf 88' lang='lat' dir='ltr'>est</span> <span class='ocrx_word' id='word_1_32' title='bbox 916 580 984 613; x_wconf 85' lang='lat' dir='ltr'>con-</span> 
     </span>
     <span class='ocr_line' id='line_1_5' title="bbox 120 646 980 719; baseline -0.002 -19"><span class='ocrx_word' id='word_1_33' title='bbox 120 667 228 719; x_wconf 80' lang='lat' dir='ltr'>cessum</span> <span class='ocrx_word' id='word_1_34' title='bbox 244 657 336 701; x_wconf 87' lang='lat' dir='ltr'>tamen</span> <span class='ocrx_word' id='word_1_35' title='bbox 351 649 413 719; x_wconf 90' lang='lat' dir='ltr'>plus</span> <span class='ocrx_word' id='word_1_36' title='bbox 433 648 461 700; x_wconf 92' lang='lat' dir='ltr'>in</span> <span class='ocrx_word' id='word_1_37' title='bbox 479 648 601 701; x_wconf 88' lang='lat' dir='ltr'>moribus</span> <span class='ocrx_word' id='word_1_38' title='bbox 617 648 730 719; x_wconf 86' lang='lat' dir='ltr'>pietatis</span> <span class='ocrx_word' id='word_1_39' title='bbox 749 656 775 700; x_wconf 90' lang='lat' dir='ltr'>et</span> <span class='ocrx_word' id='word_1_40' title='bbox 795 646 980 718; x_wconf 71' lang='lat' dir='ltr'>simplicitatis</span> 
     </span>
     <span class='ocr_line' id='line_1_6' title="bbox 119 732 983 808; baseline -0.002 -23"><span class='ocrx_word' id='word_1_41' title='bbox 119 733 259 804; x_wconf 71' lang='lat' dir='ltr'>patientias</span> <span class='ocrx_word' id='word_1_42' title='bbox 276 742 302 786; x_wconf 89' lang='lat' dir='ltr'>et</span> <span class='ocrx_word' id='word_1_43' title='bbox 318 733 481 786; x_wconf 88' lang='lat' dir='ltr'>humilitatis</span> <span class='ocrx_word' id='word_1_44' title='bbox 497 733 646 808; x_wconf 77' lang='lat' dir='ltr'>imaginem</span> <span class='ocrx_word' id='word_1_45' title='bbox 662 733 742 796; x_wconf 75' lang='lat' dir='ltr'>serat,</span> <span class='ocrx_word' id='word_1_46' title='bbox 762 733 908 803; x_wconf 79' lang='lat' dir='ltr'>foveatque</span> <span class='ocrx_word' id='word_1_47' title='bbox 923 732 983 783; x_wconf 56' lang='lat' dir='ltr'>vir*</span> 
     </span>
     <span class='ocr_line' id='line_1_7' title="bbox 119 817 984 892; baseline -0.002 -20"><span class='ocrx_word' id='word_1_48' title='bbox 119 827 193 872; x_wconf 87' lang='lat' dir='ltr'>tutes</span> <span class='ocrx_word' id='word_1_49' title='bbox 209 819 238 872; x_wconf 92' lang='lat' dir='ltr'>in</span> <span class='ocrx_word' id='word_1_50' title='bbox 251 839 280 873; x_wconf 90' lang='lat' dir='ltr'>se</span> <span class='ocrx_word' id='word_1_51' title='bbox 293 819 359 873; x_wconf 89' lang='lat' dir='ltr'>etin</span> <span class='ocrx_word' id='word_1_52' title='bbox 372 818 433 872; x_wconf 87' lang='lat' dir='ltr'>aliis</span> <span class='ocrx_word' id='word_1_53' title='bbox 451 827 533 892; x_wconf 85' lang='lat' dir='ltr'>atque</span> <span class='ocrx_word' id='word_1_54' title='bbox 546 819 574 871; x_wconf 88' lang='lat' dir='ltr'>in</span> <span class='ocrx_word' id='word_1_55' title='bbox 585 818 761 891; x_wconf 74' lang='lat' dir='ltr'>praedicando</span> <span class='ocrx_word' id='word_1_56' title='bbox 773 837 820 872; x_wconf 90' lang='lat' dir='ltr'>eas</span> <span class='ocrx_word' id='word_1_57' title='bbox 834 817 984 871; x_wconf 68' lang='lat' dir='ltr'>continual·</span> 
     </span>
     <span class='ocr_line' id='line_1_8' title="bbox 121 905 984 978; baseline -0.002 -19"><span class='ocrx_word' id='word_1_58' title='bbox 121 925 150 959; x_wconf 85' lang='lat' dir='ltr'>se</span> <span class='ocrx_word' id='word_1_59' title='bbox 166 915 301 971; x_wconf 80' lang='lat' dir='ltr'>exerceat,</span> <span class='ocrx_word' id='word_1_60' title='bbox 320 906 355 959; x_wconf 90' lang='lat' dir='ltr'>ad</span> <span class='ocrx_word' id='word_1_61' title='bbox 371 906 429 959; x_wconf 72' lang='lat' dir='ltr'>baec</span> <span class='ocrx_word' id='word_1_62' title='bbox 445 906 514 959; x_wconf 89' lang='lat' dir='ltr'>alios</span> <span class='ocrx_word' id='word_1_63' title='bbox 530 906 592 977; x_wconf 89' lang='lat' dir='ltr'>plus</span> <span class='ocrx_word' id='word_1_64' title='bbox 610 907 732 977; x_wconf 77' lang='lat' dir='ltr'>exemplo</span> <span class='ocrx_word' id='word_1_65' title='bbox 749 925 831 978; x_wconf 84' lang='lat' dir='ltr'>quam</span> <span class='ocrx_word' id='word_1_66' title='bbox 847 905 984 959; x_wconf 87' lang='lat' dir='ltr'>sermoni-</span> 
     </span>
     <span class='ocr_line' id='line_1_9' title="bbox 119 991 983 1064; baseline 0.001 -20"><span class='ocrx_word' id='word_1_67' title='bbox 119 991 171 1045; x_wconf 86' lang='lat' dir='ltr'>bus</span> <span class='ocrx_word' id='word_1_68' title='bbox 187 992 326 1045; x_wconf 81' lang='lat' dir='ltr'>inritando</span> <span class='ocrx_word' id='word_1_69' title='bbox 343 993 416 1058; x_wconf 68' lang='lat'>[331]</span> <span class='ocrx_word' id='word_1_70' title='bbox 429 996 464 1057; x_wconf 69' lang='grc'>21.</span> <span class='ocrx_word' id='word_1_71' title='bbox 484 992 525 1046; x_wconf 86' lang='lat' dir='ltr'>Sit</span> <span class='ocrx_word' id='word_1_72' title='bbox 538 1001 695 1045; x_wconf 73' lang='lat' dir='ltr'>exsecrator</span> <span class='ocrx_word' id='word_1_73' title='bbox 707 992 830 1064; x_wconf 64' lang='lat' dir='ltr'>lacrumae</span> <span class='ocrx_word' id='word_1_74' title='bbox 843 1011 903 1063; x_wconf 77' lang='lat' dir='ltr'>quac</span> <span class='ocrx_word' id='word_1_75' title='bbox 916 1011 983 1045; x_wconf 88' lang='lat' dir='ltr'>nos-</span> 
     </span>
     <span class='ocr_line' id='line_1_10' title="bbox 118 1078 982 1150; baseline 0 -20"><span class='ocrx_word' id='word_1_76' title='bbox 118 1086 169 1130; x_wconf 70' lang='lat' dir='ltr'>trae</span> <span class='ocrx_word' id='word_1_77' title='bbox 185 1078 366 1149; x_wconf 77' lang='lat' dir='ltr'>professionis</span> <span class='ocrx_word' id='word_1_78' title='bbox 383 1087 410 1131; x_wconf 91' lang='lat' dir='ltr'>et</span> <span class='ocrx_word' id='word_1_79' title='bbox 422 1079 597 1149; x_wconf 80' lang='lat' dir='ltr'>perfectionis</span> <span class='ocrx_word' id='word_1_80' title='bbox 615 1087 657 1131; x_wconf 86' lang='lat' dir='ltr'>est</span> <span class='ocrx_word' id='word_1_81' title='bbox 673 1079 812 1150; x_wconf 73' lang='lat' dir='ltr'>praecipua</span> <span class='ocrx_word' id='word_1_82' title='bbox 825 1078 982 1149; x_wconf 89' lang='lat' dir='ltr'>corruptela</span> 
     </span>
     <span class='ocr_line' id='line_1_11' title="bbox 120 1163 980 1235; baseline 0.001 -20"><span class='ocrx_word' id='word_1_83' title='bbox 120 1171 146 1215; x_wconf 91' lang='lat' dir='ltr'>et</span> <span class='ocrx_word' id='word_1_84' title='bbox 167 1173 298 1235; x_wconf 82' lang='lat' dir='ltr'>tanquam</span> <span class='ocrx_word' id='word_1_85' title='bbox 317 1173 398 1235; x_wconf 67' lang='lat' dir='ltr'>caluit</span> <span class='ocrx_word' id='word_1_86' title='bbox 415 1173 441 1217; x_wconf 85' lang='lat' dir='ltr'>ct</span> <span class='ocrx_word' id='word_1_87' title='bbox 458 1165 596 1235; x_wconf 82' lang='lat' dir='ltr'>exemplar</span> <span class='ocrx_word' id='word_1_88' title='bbox 620 1165 783 1217; x_wconf 88' lang='lat' dir='ltr'>imitandum</span> <span class='ocrx_word' id='word_1_89' title='bbox 803 1164 837 1217; x_wconf 87' lang='lat' dir='ltr'>ab</span> <span class='ocrx_word' id='word_1_90' title='bbox 854 1163 980 1216; x_wconf 89' lang='lat' dir='ltr'>omnibus</span> 
     </span>
     <span class='ocr_line' id='line_1_12' title="bbox 119 1249 670 1322; baseline 0 -20"><span class='ocrx_word' id='word_1_91' title='bbox 119 1249 213 1302; x_wconf 91' lang='lat' dir='ltr'>multis</span> <span class='ocrx_word' id='word_1_92' title='bbox 229 1269 403 1322; x_wconf 82' lang='lat' dir='ltr'>nequaquam</span> <span class='ocrx_word' id='word_1_93' title='bbox 418 1250 514 1303; x_wconf 89' lang='lat' dir='ltr'>loculis</span> <span class='ocrx_word' id='word_1_94' title='bbox 531 1251 670 1303; x_wconf 87' lang='lat' dir='ltr'>abutatur.</span> 
     </span>
    </p>

    <p class='ocr_par' dir='ltr' id='par_1_3' title="bbox 51 1336 984 2097">
     <span class='ocr_line' id='line_1_13' title="bbox 158 1336 981 1409; baseline 0.004 -24"><span class='ocrx_word' id='word_1_95' title='bbox 158 1359 171 1385; x_wconf 74' lang='lat' dir='ltr'>n</span> <span class='ocrx_word' id='word_1_96' title='bbox 192 1336 333 1391; x_wconf 82' lang='lat' dir='ltr'>Sufficiant</span> <span class='ocrx_word' id='word_1_97' title='bbox 345 1345 436 1390; x_wconf 85' lang='lat' dir='ltr'>autern</span> <span class='ocrx_word' id='word_1_98' title='bbox 449 1337 501 1390; x_wconf 91' lang='lat' dir='ltr'>sibi</span> <span class='ocrx_word' id='word_1_99' title='bbox 513 1356 563 1409; x_wconf 87' lang='lat' dir='ltr'>pro</span> <span class='ocrx_word' id='word_1_100' title='bbox 580 1356 609 1390; x_wconf 89' lang='lat' dir='ltr'>se</span> <span class='ocrx_word' id='word_1_101' title='bbox 620 1337 731 1390; x_wconf 89' lang='lat' dir='ltr'>babitus</span> <span class='ocrx_word' id='word_1_102' title='bbox 752 1344 779 1390; x_wconf 88' lang='lat' dir='ltr'>et</span> <span class='ocrx_word' id='word_1_103' title='bbox 793 1336 913 1400; x_wconf 83' lang='lat' dir='ltr'>libellus,</span> <span class='ocrx_word' id='word_1_104' title='bbox 931 1355 981 1407; x_wconf 92' lang='lat' dir='ltr'>pro</span> 
     </span>
     <span class='ocr_line' id='line_1_14' title="bbox 120 1422 984 1496; baseline 0.001 -22"><span class='ocrx_word' id='word_1_105' title='bbox 120 1422 181 1476; x_wconf 90' lang='lat' dir='ltr'>aliis</span> <span class='ocrx_word' id='word_1_106' title='bbox 194 1442 260 1476; x_wconf 79' lang='lat' dir='ltr'>vero</span> <span class='ocrx_word' id='word_1_107' title='bbox 272 1423 459 1495; x_wconf 75' lang='lat' dir='ltr'>pennarolus⁶</span> <span class='ocrx_word' id='word_1_108' title='bbox 476 1442 537 1476; x_wconf 88' lang='lat' dir='ltr'>cum</span> <span class='ocrx_word' id='word_1_109' title='bbox 553 1424 657 1477; x_wconf 86' lang='lat' dir='ltr'>calamo</span> <span class='ocrx_word' id='word_1_110' title='bbox 675 1432 701 1477; x_wconf 90' lang='lat' dir='ltr'>et</span> <span class='ocrx_word' id='word_1_111' title='bbox 718 1423 850 1496; x_wconf 75' lang='lat' dir='ltr'>pugillari</span> <span class='ocrx_word' id='word_1_112' title='bbox 863 1432 889 1476; x_wconf 88' lang='lat' dir='ltr'>et</span> <span class='ocrx_word' id='word_1_113' title='bbox 902 1422 984 1495; x_wconf 76' lang='lat' dir='ltr'>sigil-</span> 
     </span>
     <span class='ocr_line' id='line_1_15' title="bbox 119 1509 984 1581; baseline -0.001 -20"><span class='ocrx_word' id='word_1_114' title='bbox 119 1509 185 1562; x_wconf 90' lang='lat' dir='ltr'>lum.</span> <span class='ocrx_word' id='word_1_115' title='bbox 204 1511 265 1562; x_wconf 85' lang='lat' dir='ltr'>Non</span> <span class='ocrx_word' id='word_1_116' title='bbox 282 1509 317 1562; x_wconf 90' lang='lat' dir='ltr'>sit</span> <span class='ocrx_word' id='word_1_117' title='bbox 334 1518 505 1581; x_wconf 80' lang='lat' dir='ltr'>aggregator</span> <span class='ocrx_word' id='word_1_118' title='bbox 521 1510 654 1563; x_wconf 88' lang='lat' dir='ltr'>librorum</span> <span class='ocrx_word' id='word_1_119' title='bbox 672 1529 722 1563; x_wconf 87' lang='lat' dir='ltr'>neo</span> <span class='ocrx_word' id='word_1_120' title='bbox 739 1509 850 1563; x_wconf 88' lang='lat' dir='ltr'>lectioni</span> <span class='ocrx_word' id='word_1_121' title='bbox 866 1510 984 1562; x_wconf 89' lang='lat' dir='ltr'>multum</span> 
     </span>
     <span class='ocr_line' id='line_1_16' title="bbox 62 1594 979 1667; baseline 0.001 -21"><span class='ocrx_word' id='word_1_122' title='bbox 62 1608 64 1610; x_wconf 76' lang='grc'>’</span> <span class='ocrx_word' id='word_1_123' title='bbox 119 1594 241 1648; x_wconf 87' lang='lat' dir='ltr'>intentus</span> <span class='ocrx_word' id='word_1_124' title='bbox 255 1615 288 1648; x_wconf 87' lang='lat' dir='ltr'>ne</span> <span class='ocrx_word' id='word_1_125' title='bbox 300 1596 369 1648; x_wconf 79' lang='lat' dir='ltr'>forte</span> <span class='ocrx_word' id='word_1_126' title='bbox 383 1595 510 1648; x_wconf 89' lang='lat' dir='ltr'>detrabat</span> <span class='ocrx_word' id='word_1_127' title='bbox 522 1595 609 1648; x_wconf 82' lang='lat' dir='ltr'>officio</span> <span class='ocrx_word' id='word_1_128' title='bbox 621 1596 693 1667; x_wconf 85' lang='lat' dir='ltr'>quod</span> <span class='ocrx_word' id='word_1_129' title='bbox 702 1604 842 1667; x_wconf 63' lang='lat' dir='ltr'>praerogat</span> <span class='ocrx_word' id='word_1_130' title='bbox 855 1595 946 1648; x_wconf 85' lang='lat' dir='ltr'>studio</span> <span class='ocrx_word' id='word_1_131' title='bbox 955 1595 979 1647; x_wconf 37' lang='lat' dir='ltr'>a·</span> 
     </span>
     <span class='ocr_line' id='line_1_17' title="bbox 121 1680 984 1752; baseline -0.002 -18"><span class='ocrx_word' id='word_1_132' title='bbox 121 1681 287 1734; x_wconf 86' lang='lat' dir='ltr'>Consoletur</span> <span class='ocrx_word' id='word_1_133' title='bbox 297 1680 340 1752; x_wconf 90' lang='lat' dir='ltr'>pie</span> <span class='ocrx_word' id='word_1_134' title='bbox 357 1680 473 1734; x_wconf 84' lang='lat' dir='ltr'>afflictos</span> <span class='ocrx_word' id='word_1_135' title='bbox 486 1700 569 1752; x_wconf 86' lang='lat' dir='ltr'>quum</span> <span class='ocrx_word' id='word_1_136' title='bbox 582 1682 618 1733; x_wconf 90' lang='lat' dir='ltr'>sit</span> <span class='ocrx_word' id='word_1_137' title='bbox 633 1681 758 1733; x_wconf 89' lang='lat' dir='ltr'>ultimum</span> <span class='ocrx_word' id='word_1_138' title='bbox 769 1681 919 1733; x_wconf 88' lang='lat' dir='ltr'>remedium</span> <span class='ocrx_word' id='word_1_139' title='bbox 930 1681 984 1733; x_wconf 85' lang='lat' dir='ltr'>tri-</span> 
     </span>
     <span class='ocr_line' id='line_1_18' title="bbox 119 1766 983 1838; baseline 0.001 -20"><span class='ocrx_word' id='word_1_140' title='bbox 119 1766 249 1830; x_wconf 63' lang='lat' dir='ltr'>belaise,</span> <span class='ocrx_word' id='word_1_141' title='bbox 271 1786 304 1819; x_wconf 92' lang='lat' dir='ltr'>ne</span> <span class='ocrx_word' id='word_1_142' title='bbox 325 1767 349 1820; x_wconf 90' lang='lat' dir='ltr'>si</span> <span class='ocrx_word' id='word_1_143' title='bbox 368 1766 441 1838; x_wconf 88' lang='lat' dir='ltr'>apud</span> <span class='ocrx_word' id='word_1_144' title='bbox 458 1766 541 1820; x_wconf 89' lang='lat' dir='ltr'>eurnf</span> <span class='ocrx_word' id='word_1_145' title='bbox 562 1767 698 1820; x_wconf 81' lang='lat' dir='ltr'>defuerint</span> <span class='ocrx_word' id='word_1_146' title='bbox 717 1766 839 1820; x_wconf 87' lang='lat' dir='ltr'>remedia</span> <span class='ocrx_word' id='word_1_147' title='bbox 851 1766 983 1819; x_wconf 85' lang='lat' dir='ltr'>sanitatis-</span> 
     </span>
     <span class='ocr_line' id='line_1_19' title="bbox 119 1853 982 1925; baseline 0 -20"><span class='ocrx_word' id='word_1_148' title='bbox 119 1853 275 1925; x_wconf 88' lang='lat' dir='ltr'>desperatio</span> <span class='ocrx_word' id='word_1_149' title='bbox 292 1854 379 1907; x_wconf 91' lang='lat' dir='ltr'>morbi</span> <span class='ocrx_word' id='word_1_150' title='bbox 390 1854 540 1925; x_wconf 72' lang='lat' dir='ltr'>praevaleat</span> <span class='ocrx_word' id='word_1_151' title='bbox 552 1854 579 1906; x_wconf 87' lang='lat' dir='ltr'>in</span> <span class='ocrx_word' id='word_1_152' title='bbox 593 1854 719 1907; x_wconf 83' lang='lat' dir='ltr'>infirmis.</span> <span class='ocrx_word' id='word_1_153' title='bbox 738 1856 776 1908; x_wconf 89' lang='lat' dir='ltr'>Ut</span> <span class='ocrx_word' id='word_1_154' title='bbox 791 1862 937 1925; x_wconf 79' lang='lat' dir='ltr'>protervos</span> <span class='ocrx_word' id='word_1_155' title='bbox 953 1853 982 1905; x_wconf 88' lang='lat' dir='ltr'>in</span> 
     </span>
     <span class='ocr_line' id='line_1_20' title="bbox 118 1939 982 2011; baseline 0 -20"><span class='ocrx_word' id='word_1_156' title='bbox 118 1939 357 1993; x_wconf 86' lang='lat' dir='ltr'>mansuetudinem</span> <span class='ocrx_word' id='word_1_157' title='bbox 366 1940 467 2003; x_wconf 84' lang='lat' dir='ltr'>flectat,</span> <span class='ocrx_word' id='word_1_158' title='bbox 479 1939 777 2011; x_wconf 70' lang='lat' dir='ltr'>seipsumprosternat,</span> <span class='ocrx_word' id='word_1_159' title='bbox 788 1948 815 1993; x_wconf 89' lang='lat' dir='ltr'>et</span> <span class='ocrx_word' id='word_1_160' title='bbox 824 1940 927 2011; x_wconf 83' lang='lat' dir='ltr'>aliquid</span> <span class='ocrx_word' id='word_1_161' title='bbox 939 1939 982 1992; x_wconf 89' lang='lat' dir='ltr'>sui</span> 
     </span>
     <span class='ocr_line' id='line_1_21' title="bbox 51 2026 726 2097; baseline 0.001 -19"><span class='ocrx_word' id='word_1_162' title='bbox 51 2067 62 2078; x_wconf 74' lang='grc'>.</span> <span class='ocrx_word' id='word_1_163' title='bbox 116 2026 188 2097; x_wconf 80' lang='lat' dir='ltr'>juris</span> <span class='ocrx_word' id='word_1_164' title='bbox 204 2026 308 2079; x_wconf 85' lang='lat' dir='ltr'>relaxet</span> <span class='ocrx_word' id='word_1_165' title='bbox 324 2035 354 2079; x_wconf 90' lang='lat' dir='ltr'>ut</span> <span class='ocrx_word' id='word_1_166' title='bbox 371 2027 489 2079; x_wconf 88' lang='lat' dir='ltr'>animam</span> <span class='ocrx_word' id='word_1_167' title='bbox 500 2026 663 2079; x_wconf 81' lang='lat' dir='ltr'>lucrifaciat.</span> <span class='ocrx_word' id='word_1_168' title='bbox 724 2033 726 2035; x_wconf 74' lang='grc'>’</span> 
     </span>
    </p>

    <p class='ocr_par' dir='ltr' id='par_1_4' title="bbox 51 2111 1016 2959">
     <span class='ocr_line' id='line_1_22' title="bbox 157 2111 984 2184; baseline 0.005 -23"><span class='ocrx_word' id='word_1_169' title='bbox 157 2134 169 2160; x_wconf 75' lang='lat' dir='ltr'>n</span> <span class='ocrx_word' id='word_1_170' title='bbox 182 2111 226 2163; x_wconf 79' lang='lat' dir='ltr'>nd</span> <span class='ocrx_word' id='word_1_171' title='bbox 238 2111 351 2184; x_wconf 74' lang='lat' dir='ltr'>refugos</span> <span class='ocrx_word' id='word_1_172' title='bbox 368 2111 472 2164; x_wconf 80' lang='lat' dir='ltr'>ordinis</span> <span class='ocrx_word' id='word_1_173' title='bbox 483 2113 559 2164; x_wconf 87' lang='lat' dir='ltr'>velut</span> <span class='ocrx_word' id='word_1_174' title='bbox 575 2112 609 2164; x_wconf 93' lang='lat' dir='ltr'>ad</span> <span class='ocrx_word' id='word_1_175' title='bbox 626 2131 692 2164; x_wconf 83' lang='lat' dir='ltr'>oves</span> <span class='ocrx_word' id='word_1_176' title='bbox 704 2131 764 2183; x_wconf 71' lang='lat' dir='ltr'>quae</span> <span class='ocrx_word' id='word_1_177' title='bbox 774 2112 915 2183; x_wconf 88' lang='lat' dir='ltr'>perierunt</span> <span class='ocrx_word' id='word_1_178' title='bbox 927 2112 984 2165; x_wconf 81' lang='lat' dir='ltr'>ris-</span> 
     </span>
     <span class='ocr_line' id='line_1_23' title="bbox 120 2197 1016 2270; baseline 0.001 -21"><span class='ocrx_word' id='word_1_179' title='bbox 120 2216 182 2250; x_wconf 86' lang='lat' dir='ltr'>cera</span> <span class='ocrx_word' id='word_1_180' title='bbox 197 2197 309 2269; x_wconf 87' lang='lat' dir='ltr'>pietatis</span> <span class='ocrx_word' id='word_1_181' title='bbox 326 2198 463 2269; x_wconf 81' lang='lat' dir='ltr'>expandat</span> <span class='ocrx_word' id='word_1_182' title='bbox 476 2206 502 2251; x_wconf 87' lang='lat' dir='ltr'>et</span> <span class='ocrx_word' id='word_1_183' title='bbox 518 2217 657 2269; x_wconf 87' lang='lat' dir='ltr'>nunquam</span> <span class='ocrx_word' id='word_1_184' title='bbox 667 2197 886 2251; x_wconf 87' lang='lat' dir='ltr'>misericordiam</span> <span class='ocrx_word' id='word_1_185' title='bbox 898 2206 981 2270; x_wconf 80' lang='lat' dir='ltr'>neget</span> <span class='ocrx_word' id='word_1_186' title='bbox 1015 2235 1016 2238; x_wconf 20' lang='grc' dir='ltr'><strong>κ</strong></span> 
     </span>
     <span class='ocr_line' id='line_1_24' title="bbox 119 2283 981 2356; baseline 0 -20"><span class='ocrx_word' id='word_1_187' title='bbox 119 2283 183 2348; x_wconf 79' lang='lat' dir='ltr'>illis,</span> <span class='ocrx_word' id='word_1_188' title='bbox 213 2283 303 2336; x_wconf 87' lang='lat' dir='ltr'>sciens</span> <span class='ocrx_word' id='word_1_189' title='bbox 326 2284 494 2337; x_wconf 76' lang='lat' dir='ltr'>tentationes</span> <span class='ocrx_word' id='word_1_190' title='bbox 515 2284 577 2337; x_wconf 89' lang='lat' dir='ltr'>illas</span> <span class='ocrx_word' id='word_1_191' title='bbox 599 2304 662 2337; x_wconf 88' lang='lat' dir='ltr'>esse</span> <span class='ocrx_word' id='word_1_192' title='bbox 678 2283 845 2356; x_wconf 63' lang='lat' dir='ltr'>pravalidas</span> <span class='ocrx_word' id='word_1_193' title='bbox 864 2303 924 2356; x_wconf 87' lang='lat' dir='ltr'>quae</span> <span class='ocrx_word' id='word_1_194' title='bbox 947 2284 981 2337; x_wconf 89' lang='lat' dir='ltr'>ad</span> 
     </span>
     <span class='ocr_line' id='line_1_25' title="bbox 119 2370 984 2442; baseline 0 -20"><span class='ocrx_word' id='word_1_195' title='bbox 119 2378 226 2423; x_wconf 88' lang='lat' dir='ltr'>tantum</span> <span class='ocrx_word' id='word_1_196' title='bbox 241 2378 359 2441; x_wconf 89' lang='lat' dir='ltr'>possunt</span> <span class='ocrx_word' id='word_1_197' title='bbox 371 2370 511 2442; x_wconf 87' lang='lat' dir='ltr'>impellere</span> <span class='ocrx_word' id='word_1_198' title='bbox 528 2389 622 2423; x_wconf 89' lang='lat' dir='ltr'>casum</span> <span class='ocrx_word' id='word_1_199' title='bbox 639 2370 711 2442; x_wconf 85' lang='lat' dir='ltr'>quod</span> <span class='ocrx_word' id='word_1_200' title='bbox 728 2370 752 2423; x_wconf 91' lang='lat' dir='ltr'>si</span> <span class='ocrx_word' id='word_1_201' title='bbox 768 2370 859 2442; x_wconf 88' lang='lat' dir='ltr'>ipsum</span> <span class='ocrx_word' id='word_1_202' title='bbox 870 2370 984 2441; x_wconf 88' lang='lat' dir='ltr'>permit-</span> 
     </span>
     <span class='ocr_line' id='line_1_26' title="bbox 51 2456 982 2528; baseline 0.001 -19"><span class='ocrx_word' id='word_1_203' title='bbox 51 2497 62 2509; x_wconf 60' lang='lat'><em>„</em></span> <span class='ocrx_word' id='word_1_204' title='bbox 118 2464 190 2509; x_wconf 88' lang='lat' dir='ltr'>teret</span> <span class='ocrx_word' id='word_1_205' title='bbox 203 2457 336 2510; x_wconf 88' lang='lat' dir='ltr'>Dominus</span> <span class='ocrx_word' id='word_1_206' title='bbox 350 2457 468 2528; x_wconf 69' lang='lat' dir='ltr'>expreriri</span> <span class='ocrx_word' id='word_1_207' title='bbox 484 2457 554 2509; x_wconf 86' lang='lat' dir='ltr'>lorte</span> <span class='ocrx_word' id='word_1_208' title='bbox 567 2457 595 2508; x_wconf 90' lang='lat' dir='ltr'>in</span> <span class='ocrx_word' id='word_1_209' title='bbox 605 2458 694 2528; x_wconf 85' lang='lat' dir='ltr'>majus</span> <span class='ocrx_word' id='word_1_210' title='bbox 707 2457 889 2528; x_wconf 79' lang='lat' dir='ltr'>praecipitium</span> <span class='ocrx_word' id='word_1_211' title='bbox 905 2456 982 2510; x_wconf 91' lang='lat' dir='ltr'>labe-</span> 
     </span>
     <span class='ocr_line' id='line_1_27' title="bbox 119 2542 984 2613; baseline 0.002 -19"><span class='ocrx_word' id='word_1_212' title='bbox 119 2550 226 2595; x_wconf 69' lang='lat' dir='ltr'>renus.</span> <span class='ocrx_word' id='word_1_213' title='bbox 255 2542 361 2597; x_wconf 80' lang='lat' dir='ltr'>Vellem</span> <span class='ocrx_word' id='word_1_214' title='bbox 382 2543 473 2613; x_wconf 89' lang='lat' dir='ltr'>ipsum</span> <span class='ocrx_word' id='word_1_215' title='bbox 495 2550 627 2613; x_wconf 88' lang='lat' dir='ltr'>tanquam</span> <span class='ocrx_word' id='word_1_216' title='bbox 655 2542 760 2596; x_wconf 85' lang='lat' dir='ltr'>Christi</span> <span class='ocrx_word' id='word_1_217' title='bbox 786 2543 919 2595; x_wconf 82' lang='lat' dir='ltr'>vicariurn</span> <span class='ocrx_word' id='word_1_218' title='bbox 947 2544 984 2596; x_wconf 89' lang='lat' dir='ltr'>ab</span> 
     </span>
     <span class='ocr_line' id='line_1_28' title="bbox 119 2628 983 2701; baseline 0.001 -20"><span class='ocrx_word' id='word_1_219' title='bbox 119 2628 245 2682; x_wconf 90' lang='lat' dir='ltr'>omnibus</span> <span class='ocrx_word' id='word_1_220' title='bbox 263 2628 335 2681; x_wconf 91' lang='lat' dir='ltr'>omni</span> <span class='ocrx_word' id='word_1_221' title='bbox 359 2628 504 2682; x_wconf 76' lang='lat' dir='ltr'>devotione</span> <span class='ocrx_word' id='word_1_222' title='bbox 524 2637 551 2681; x_wconf 90' lang='lat' dir='ltr'>et</span> <span class='ocrx_word' id='word_1_223' title='bbox 573 2628 730 2681; x_wconf 72' lang='lat' dir='ltr'>reverentia</span> <span class='ocrx_word' id='word_1_224' title='bbox 749 2628 879 2682; x_wconf 88' lang='lat' dir='ltr'>honorari</span> <span class='ocrx_word' id='word_1_225' title='bbox 898 2637 983 2701; x_wconf 81' lang='lat' dir='ltr'>atque</span> 
     </span>
     <span class='ocr_line' id='line_1_29' title="bbox 120 2714 981 2768; baseline 0.001 -1"><span class='ocrx_word' id='word_1_226' title='bbox 120 2714 173 2767; x_wconf 86' lang='lat' dir='ltr'>sibi</span> <span class='ocrx_word' id='word_1_227' title='bbox 189 2715 223 2768; x_wconf 90' lang='lat' dir='ltr'>ab</span> <span class='ocrx_word' id='word_1_228' title='bbox 244 2715 370 2768; x_wconf 88' lang='lat' dir='ltr'>omnibus</span> <span class='ocrx_word' id='word_1_229' title='bbox 392 2723 418 2767; x_wconf 86' lang='lat' dir='ltr'>et</span> <span class='ocrx_word' id='word_1_230' title='bbox 434 2715 462 2767; x_wconf 89' lang='lat' dir='ltr'>in</span> <span class='ocrx_word' id='word_1_231' title='bbox 478 2715 604 2768; x_wconf 89' lang='lat' dir='ltr'>omnibus</span> <span class='ocrx_word' id='word_1_232' title='bbox 622 2734 682 2768; x_wconf 88' lang='lat' dir='ltr'>cum</span> <span class='ocrx_word' id='word_1_233' title='bbox 698 2714 771 2767; x_wconf 91' lang='lat' dir='ltr'>omni</span> <span class='ocrx_word' id='word_1_234' title='bbox 787 2714 981 2768; x_wconf 77' lang='lat' dir='ltr'>benevolentia</span> 
     </span>
     <span class='ocr_line' id='line_1_30' title="bbox 116 2801 985 2873; baseline 0.001 -20"><span class='ocrx_word' id='word_1_235' title='bbox 116 2801 195 2873; x_wconf 75' lang='lat' dir='ltr'>juxta</span> <span class='ocrx_word' id='word_1_236' title='bbox 211 2802 270 2873; x_wconf 84' lang='lat' dir='ltr'>ejus</span> <span class='ocrx_word' id='word_1_237' title='bbox 287 2801 481 2854; x_wconf 86' lang='lat' dir='ltr'>necessitatem</span> <span class='ocrx_word' id='word_1_238' title='bbox 498 2804 542 2867; x_wconf 78' lang='lat'>[34</span> <span class='ocrx_word' id='word_1_239' title='bbox 554 2820 570 2855; x_wconf 89' lang='lat' dir='ltr'>a</span> <span class='ocrx_word' id='word_1_240' title='bbox 582 2804 605 2866; x_wconf 75' lang='grc'>1]</span> <span class='ocrx_word' id='word_1_241' title='bbox 623 2808 649 2854; x_wconf 88' lang='lat' dir='ltr'>et</span> <span class='ocrx_word' id='word_1_242' title='bbox 670 2806 760 2854; x_wconf 79' lang='lat' dir='ltr'>status</span> <span class='ocrx_word' id='word_1_243' title='bbox 776 2802 865 2855; x_wconf 88' lang='lat' dir='ltr'>nostri</span> <span class='ocrx_word' id='word_1_244' title='bbox 882 2801 985 2854; x_wconf 89' lang='lat' dir='ltr'>conde-</span> 
     </span>
     <span class='ocr_line' id='line_1_31' title="bbox 120 2886 394 2959; baseline 0.004 -20"><span class='ocrx_word' id='word_1_245' title='bbox 120 2886 230 2940; x_wconf 78' lang='lat' dir='ltr'>centialz</span> <span class='ocrx_word' id='word_1_246' title='bbox 245 2887 394 2959; x_wconf 74' lang='lat' dir='ltr'>prouideri.</span> 
     </span>
    </p>

    <p class='ocr_par' dir='ltr' id='par_1_5' title="bbox 157 2974 984 3046">
     <span class='ocr_line' id='line_1_32' title="bbox 157 2974 984 3046; baseline -0.001 -18"><span class='ocrx_word' id='word_1_247' title='bbox 157 2995 169 3022; x_wconf 72' lang='lat' dir='ltr'>t&lt;</span> <span class='ocrx_word' id='word_1_248' title='bbox 190 2976 396 3028; x_wconf 84' lang='lat' dir='ltr'>Verumtamem</span> <span class='ocrx_word' id='word_1_249' title='bbox 417 2983 524 3046; x_wconf 88' lang='lat' dir='ltr'>oportet</span> <span class='ocrx_word' id='word_1_250' title='bbox 542 2994 603 3027; x_wconf 89' lang='lat' dir='ltr'>eum</span> <span class='ocrx_word' id='word_1_251' title='bbox 615 2993 670 3027; x_wconf 87' lang='lat' dir='ltr'>non</span> <span class='ocrx_word' id='word_1_252' title='bbox 687 2974 809 3027; x_wconf 82' lang='lat' dir='ltr'>arridere</span> <span class='ocrx_word' id='word_1_253' title='bbox 831 2975 984 3028; x_wconf 81' lang='lat' dir='ltr'>honoribus</span> 
     </span>
    </p>
   </div>
   <div class='ocr_carea' id='block_1_3' title="bbox 119 3153 1003 3371">
    <p class='ocr_par' dir='ltr' id='par_1_6' title="bbox 119 3153 1003 3371">
     <span class='ocr_line' id='line_1_33' title="bbox 141 3153 1003 3199; baseline 0 -11"><span class='ocrx_word' id='word_1_254' title='bbox 141 3163 159 3188; x_wconf 82' lang='lat' dir='ltr'>a.</span> <span class='ocrx_word' id='word_1_255' title='bbox 172 3153 225 3196; x_wconf 76' lang='lat' dir='ltr'>spec.</span> <span class='ocrx_word' id='word_1_256' title='bbox 238 3154 280 3189; x_wconf 70' lang='grc'><strong>1509</strong></span> <span class='ocrx_word' id='word_1_257' title='bbox 288 3154 407 3198; x_wconf 72' lang='lat' dir='ltr'>scientialia</span> <span class='ocrx_word' id='word_1_258' title='bbox 416 3173 437 3179; x_wconf 93' lang='lat'>-</span> <span class='ocrx_word' id='word_1_259' title='bbox 447 3155 463 3189; x_wconf 88' lang='lat' dir='ltr'>b.</span> <span class='ocrx_word' id='word_1_260' title='bbox 478 3154 515 3188; x_wconf 77' lang='lat' dir='ltr'>llz.</span> <span class='ocrx_word' id='word_1_261' title='bbox 530 3154 572 3190; x_wconf 74' lang='lat'>1743</span> <span class='ocrx_word' id='word_1_262' title='bbox 582 3164 615 3189; x_wconf 86' lang='lat' dir='ltr'>eas</span> <span class='ocrx_word' id='word_1_263' title='bbox 628 3155 763 3190; x_wconf 70' lang='lat' dir='ltr'>continentiae.</span> <span class='ocrx_word' id='word_1_264' title='bbox 774 3174 796 3180; x_wconf 95' lang='lat'>-</span> <span class='ocrx_word' id='word_1_265' title='bbox 808 3165 825 3190; x_wconf 87' lang='lat' dir='ltr'>c.</span> <span class='ocrx_word' id='word_1_266' title='bbox 837 3155 985 3199; x_wconf 57' lang='grc'><strong>1119991101-</strong></span> <span class='ocrx_word' id='word_1_267' title='bbox 996 3153 1003 3157; x_wconf 70' lang='grc'><em>’</em></span> 
     </span>
     <span class='ocr_line' id='line_1_34' title="bbox 119 3211 981 3256; baseline 0.003 -12"><span class='ocrx_word' id='word_1_268' title='bbox 119 3211 261 3246; x_wconf 73' lang='lat' dir='ltr'>natatus-d.</span> <span class='ocrx_word' id='word_1_269' title='bbox 274 3211 327 3255; x_wconf 76' lang='lat' dir='ltr'>spec.</span> <span class='ocrx_word' id='word_1_270' title='bbox 340 3212 381 3246; x_wconf 79' lang='grc'><strong>1509</strong></span> <span class='ocrx_word' id='word_1_271' title='bbox 392 3221 441 3254; x_wconf 78' lang='lat' dir='ltr'>quos</span> <span class='ocrx_word' id='word_1_272' title='bbox 450 3211 526 3256; x_wconf 71' lang='lat' dir='ltr'>irrepat</span> <span class='ocrx_word' id='word_1_273' title='bbox 536 3212 610 3247; x_wconf 80' lang='lat' dir='ltr'>studio.</span> <span class='ocrx_word' id='word_1_274' title='bbox 625 3231 646 3237; x_wconf 88' lang='lat'>—</span> <span class='ocrx_word' id='word_1_275' title='bbox 658 3222 674 3247; x_wconf 85' lang='lat' dir='ltr'>c.</span> <span class='ocrx_word' id='word_1_276' title='bbox 684 3212 737 3256; x_wconf 85' lang='lat' dir='ltr'>Spec.</span> <span class='ocrx_word' id='word_1_277' title='bbox 747 3213 789 3248; x_wconf 76' lang='lat' dir='ltr'>lton</span> <span class='ocrx_word' id='word_1_278' title='bbox 799 3212 921 3247; x_wconf 79' lang='lat' dir='ltr'>tribulantis.</span> <span class='ocrx_word' id='word_1_279' title='bbox 934 3230 955 3237; x_wconf 93' lang='lat'>—</span> <span class='ocrx_word' id='word_1_280' title='bbox 966 3213 981 3256; x_wconf 83' lang='lat' dir='ltr'>f.</span> 
     </span>
     <span class='ocr_line' id='line_1_35' title="bbox 120 3266 985 3314; baseline 0 -10"><span class='ocrx_word' id='word_1_281' title='bbox 120 3268 174 3312; x_wconf 85' lang='lat' dir='ltr'>Spec.</span> <span class='ocrx_word' id='word_1_282' title='bbox 187 3268 229 3304; x_wconf 73' lang='lat' dir='ltr'>laos</span> <span class='ocrx_word' id='word_1_283' title='bbox 240 3270 294 3313; x_wconf 65' lang='lat' dir='ltr'>orient</span> <span class='ocrx_word' id='word_1_284' title='bbox 308 3270 379 3303; x_wconf 79' lang='lat' dir='ltr'>Deum.</span> <span class='ocrx_word' id='word_1_285' title='bbox 389 3288 411 3294; x_wconf 93' lang='lat'>-</span> <span class='ocrx_word' id='word_1_286' title='bbox 419 3279 438 3313; x_wconf 77' lang='lat'>9.</span> <span class='ocrx_word' id='word_1_287' title='bbox 452 3269 489 3303; x_wconf 80' lang='lat' dir='ltr'>Mn</span> <span class='ocrx_word' id='word_1_288' title='bbox 504 3269 546 3305; x_wconf 72' lang='grc'><strong>1113</strong></span> <span class='ocrx_word' id='word_1_289' title='bbox 560 3278 610 3312; x_wconf 81' lang='lat' dir='ltr'>qrras</span> <span class='ocrx_word' id='word_1_290' title='bbox 624 3269 642 3304; x_wconf 78' lang='lat' dir='ltr'>si</span> <span class='ocrx_word' id='word_1_291' title='bbox 657 3270 726 3313; x_wconf 71' lang='lat' dir='ltr'>ipsum</span> <span class='ocrx_word' id='word_1_292' title='bbox 739 3270 867 3314; x_wconf 77' lang='lat' dir='ltr'>perrntlteret</span> <span class='ocrx_word' id='word_1_293' title='bbox 881 3266 985 3304; x_wconf 77' lang='lat' dir='ltr'>Dorulaus-</span> 
     </span>
     <span class='ocr_line' id='line_1_36' title="bbox 119 3325 595 3371; baseline 0.004 -10"><span class='ocrx_word' id='word_1_294' title='bbox 119 3325 171 3371; x_wconf 70' lang='lat' dir='ltr'>ertpt</span> <span class='ocrx_word' id='word_1_295' title='bbox 179 3326 237 3370; x_wconf 79' lang='lat' dir='ltr'>sorte.</span> <span class='ocrx_word' id='word_1_296' title='bbox 253 3345 274 3351; x_wconf 88' lang='lat'>-</span> <span class='ocrx_word' id='word_1_297' title='bbox 288 3327 307 3361; x_wconf 79' lang='lat' dir='ltr'>t.</span> <span class='ocrx_word' id='word_1_298' title='bbox 320 3326 374 3370; x_wconf 81' lang='lat' dir='ltr'>Sper.</span> <span class='ocrx_word' id='word_1_299' title='bbox 384 3327 426 3363; x_wconf 73' lang='lat' dir='ltr'>boo</span> <span class='ocrx_word' id='word_1_300' title='bbox 436 3328 595 3363; x_wconf 77' lang='lat' dir='ltr'>corrdeceatiam.</span> 
     </span>
    </p>
   </div>
   <div class='ocr_carea' id='block_1_4' title="bbox 0 0 1130 3702">
    <p class='ocr_par' dir='ltr' id='par_1_7' title="bbox 0 0 1130 3702">
     <span class='ocr_line' id='line_1_37' title="bbox 0 0 1130 3702; baseline 0 0"><span class='ocrx_word' id='word_1_301' title='bbox 0 0 1130 3702; x_wconf 95' lang='lat' dir='ltr'> </span> 
     </span>
    </p>
   </div>
  </div>
 </body>
</html>
